2602 4702
149 186 226 259 620
421 160 1005 269 aurorarrouns'·

100 398 103 405 ·
147 372 223 435 satis
242 367 337 432 habui
353 367 521 430 lectionem
541 370 591 433 lu.
613 386 771 442 revocare,
793 386 915 427 sensum
933 364 1099 445 optimum·
1111 362 1268 427 exlribsu·

147 458 201 519 tis.
242 457 399 532 Interpres
419 455 602 522 Parisinus,
619 451 794 512 intellectui
814 450 1028 525 consulturus,
1048 445 1186 517 ἄκρη,
1202 452 1268 513 ml.

148 538 269 603 diderat
288 539 412 599 salubre
433 549 468 597 et
480 538 641 616 parabile.
664 533 777 596 Rstrz.

153 682 158 689 ¹
231 690 314 753 Ibid.
328 683 471 753 Ἀπονον
495 682 693 768 duumuirum)
715 687 782 747 Diu
801 685 955 760 aestuavi,
984 684 1062 767 quid
1083 684 1153 747 sibi
1175 686 1267 751 veltet

147 776 201 837 hia
220 770 256 840 sd
279 768 415 847 ἄπονον,
447 772 528 853 quod
560 794 627 847 eo‚-
645 794 706 854 quo
734 780 910 851 spectatur,
936 770 1007 830 loco
1034 790 1177 851 prorsus
1207 790 1265 831 uon

149 860 311 933 convenit3
340 855 437 937 donec
467 854 592 915 tandem
615 878 656 917 ex
675 854 733 915 Ed.
756 854 973 930 Florentinae,
1000 874 1086 935 quse
1106 852 1174 918 lino
1196 874 1266 915 voss

31 1000 39 1019 ‚
149 943 278 1003 omnino
294 947 387 1012 caret,
407 938 513 1015 didici,
535 961 599 999 eam
622 942 727 1000 abesse
748 939 863 1000 debere
883 939 920 997 ab
942 936 1002 997 hoc
1023 938 1114 1009 loco,
1133 948 1172 999 et
1189 938 1265 999 haud

151 1027 246 1089 dubie
266 1006 305 1085 ai
325 1023 546 1082 somniantibus
565 1026 616 1084 nel
638 1023 807 1105 typothetis
826 1024 875 1081 vel
895 1022 1031 1083 librariis
1052 1021 1266 1099 inculcatam

153 1110 237 1191 quod
263 1116 393 1189 propter
420 1109 597 1168 affinitatem
623 1111 763 1187 priorum
792 1108 978 1186 syliabarum
1006 1106 1042 1165 in
1072 1100 1265 1187 ἆποφαὶνοη

149 1192 245 1257 facile
261 1190 365 1273 potuit
380 1192 569 1271 contingere.
611 1193 658 1253 Ut
676 1213 777 1253 meam
797 1190 856 1252 tibi
876 1200 1011 1250 mentem
1030 1186 1177 1253 candide
1198 1212 1265 1273 spe·

98 1336 102 1341 .
150 1279 250 1348 riam,
275 1276 391 1346 lector,
418 1277 559 1354 opinatus
579 1297 663 1337 eram
687 1297 760 1355 ego,
788 1296 846 1357 pro
866 1271 984 1338 ἄπονον
1003 1274 1184 1351 legendum
1208 1296 1265 1335 esse

151 1354 349 1444 οἶπόρῥητον.Ι
379 1350 562 1442 Ἀπόρῥητα
579 1361 699 1420 seilicet
718 1368 857 1427 essunt,
879 1380 955 1439 quae
973 1358 1146 1437 religionis
1166 1378 1264 1419 causer

153 1444 228 1518 dici,
251 1444 300 1503 vel
320 1443 388 1505 fieri
407 1453 482 1503 suut
500 1446 608 1509 vetita.
637 1445 689 1503 Sir
710 1464 778 1524 pag.
799 1464 861 1543 seq.
881 1442 1005 1501 eosdem
1027 1441 1091 1503 hos
1112 1440 1265 1525 κυάμους,

152 1528 180 1587 si
200 1528 331 1605 edentur
351 1528 388 1587 ab
410 1548 482 1602 aue,
509 1538 601 1587 vocat
619 1528 727 1587 Gallus
748 1520 806 1593 uis
828 1521 1007 1611 απὸῥρητον
1027 1521 1177 1605 τροφήν.
1205 1528 1264 1609 Ι8ίο

153 1603 287 1689 οὖρανὸς
310 1611 392 1693 apud
416 1611 568 1670 Nostrum
596 1610 636 1671 de
664 1612 829 1673 Sacrificiis
855 1632 882 1671 o.
903 1632 935 1689 9.
955 1610 980 1671 s.
1000 1608 1125 1671 dicitur
1150 1607 1264 1693 ἄβατος

100 1730 103 1735 ·
150 1689 451 1777 καὶοὶπόὸῥηιοοπῷ
467 1690 698 1776 denanarius·
740 1696 898 1755 Nimirum
911 1715 975 1754 vox
986 1686 1182 1789 οἷπὸῥρητος
1196 1716 1264 1779 pro·

151 1779 221 1859 pria
242 1779 305 1838 suit
325 1781 363 1840 de
382 1780 422 1839 iis
443 1779 554 1852 sacris,
585 1799 664 1861 quae
691 1791 778 1839 erant
803 1772 956 1860 possessi,
984 1788 1016 1838 et
1042 1780 1147 1863 vulgo
1169 1800 1264 1841 enun-

152 1860 225 1923 tiari
247 1864 351 1923 uetita.
394 1861 447 1922 sto
471 1862 588 1927 saisiri
611 1854 785 1946 οἷπόρῥητον
802 1864 884 1944 apud
906 1865 1059 1923 Nostrum
1077 1864 1114 1923 in
1137 1864 1264 1925 Amori·
1300 1931 1301 1936 χ

150 1946 210 2007 bus
224 1967 254 2010 o.
274 1949 325 2011 ir.
340 1956 373 2005 et
388 1944 583 2030 ἐξαγορεύειν
597 1943 759 2034 insipidum
774 1946 966 2020 dicebantur,
977 1940 1046 2027 'qui
1059 1946 1264 2009 sacrantes·
1300 1949 1301 1952 ’

54 2096 58 2103 ,
150 2030 231 2090 einis
250 2033 462 2093 enuntiabant.
504 2031 586 2092 Vide
609 2035 761 2093 Nostrum
786 2032 819 2091 in
839 2032 951 2093 Reviv.
969 2050 995 2089 c.
1018 2031 1070 2091 33.
1116 2032 1208 2111 Sed,
1231 2036 1264 2093 ut

151 2124 225 2175 ante
244 2113 324 2189 dixi,
354 2137 417 2175 non
446 2116 561 2195 liquet,
588 2117 640 2178 vel
666 2118 766 2195 ipsum
782 2112 922 2191 ἄπονον,
946 2114 997 2175 vel
1015 2134 1077 2197 pro
1100 2136 1152 2175 eo·
1168 2114 1264 2199 quoda

152 2206 275 2278 uunqn'e
294 2199 378 2259 aliud
401 2199 599 2260 ab'Luciuno
618 2201 793 2280 profectum
815 2220 896 2260 esse:
918 2219 1011 2280 quare
1029 2198 1177 2269 furcillis
1199 2196 1265 2265 exiss

102 2350 105 2355 Ι
151 2291 242 2363 gutur
262 2305 298 2343 ea
315 2304 390 2346 vox.
418 2283 506 2349 dans.
548 2286 640 2353 Duas¹
663 2284 761 2344 habeo
792 2284 831 2345 de
858 2283 918 2343 hoo
946 2284 1016 2341 loco
1047 2284 1264 2363 conjecturas:

152 2386 261 2441 uuum,
283 2376 319 2425 ut
341 2364 459 2431 ἄπονον
478 2378 733 2447 transponamus,
762 2378 794 2427 et
815 2369 993 2447 adjiciemus
1013 2368 1190 2445 copulam,
1210 2368 1265 2429 hoe

150 2449 261 2526 modo,
278 2445 405 2525 ἥδιστον
420 2451 488 2528 iuni
502 2450 577 2531 γοῦν
597 2449 681 2527 ὄψον
696 2447 898 2526 aridumue,
921 2473 959 2509 eo
981 2470 1073 2508 sensu
1082 2494 1093 2523 ,
1117 2448 1220 2533 quem'
1235 2452 1267 2511 in

150 2532 407 2612 interpretatione
432 2535 533 2612 posui.
590 2530 734 2598 Ἀπονον
760 2546 845 2595 certe
871 2535 931 2595 hoo
957 2532 1139 2610 significare
1167 2556 1268 2617 posse,

150 2634 243 2675 nemo
272 2616 364 2675 facile
392 2618 566 2695 negaverit:
592 2638 742 2677 verumne
768 2620 831 2678 siti
861 2620 919 2678 alia
948 2616 1088 2698 quaestio
1112 2630 1188 2681 est:
1216 2616 1268 2679 sed

154 2699 194 2760 sd
213 2709 349 2761 nostrum
370 2720 437 2761 rem
464 2703 537 2760 satis
559 2711 622 2777 est,
652 2702 758 2768 modo¹
772 2718 862 2766 sutor
886 2705 932 2763 ite
959 2696 1126 2787 putaverit.
1175 2702 1268 2775 ¹,Certe

152 2782 257 2843 alvum
274 2784 367 2844 facile
388 2784 519 2845 mannire
537 2779 668 2865 κύαμον,
689 2780 780 2847 etiam
793 2788 841 2847 illi
859 2808 922 2848 non
940 2792 1070 2863 negant,
1089 2786 1151 2866 qui
1159 2788 1269 2849 “ilatu-

149 2867 270 2931 lentum
289 2890 358 2928 esse
378 2869 474 2948 ajunt.
517 2870 624 2931 Altera
644 2868 820 2953 conjectura
839 2881 945 2932 nostra
966 2878 1022 2938 est,
1041 2889 1081 2931 sn
1102 2868 1199 2931 forte
1218 2868 1269 2949 le-

151 2951 285 3031 gendum
306 2954 348 3012 sit
369 2949 512 3028 ἄπονον,
539 2974 599 3034 qua
623 2957 745 3016 ratione
762 2956 865 3016 locum
885 2974 1009 3037 serrare
1030 2962 1143 3031 posset
1164 2976 1276 3031 suum„

152 3045 185 3097 et
203 3037 288 3116 jungi
308 3058 378 3096 oum
396 3032 593 3117 ἐκτράπεζον.
614 3040 735 3118 Nempe
749 3035 874 3104 ἇπωνον
891 3036 1065 3117 siguificare
1086 3048 1170 3115 puto
1189 3060 1271 3103 ouu-

149 3122 281 3180 trarium
300 3116 433 3182 nominis
451 3118 575 3196 εὕωνος·
596 3123 852 3204 quemadmodum
866 3122 924 3182 hoc
941 3120 1069 3181 denotat
1082 3120 1187 3199 facile
1202 3144 1271 3185 ent·

63 3263 68 3271 ,
150 3212 205 3282 tu,
223 3205 376 3285 parabile,
395 3206 474 3283 vile;
493 3207 539 3266 ita
558 3200 683 3271 ἄπονον
704 3209 815 3280 suerit,
837 3206 919 3288 quod
933 3226 998 3263 non
1020 3212 1149 3283 prostat
1169 3227 1271 3269 veut·

150 3288 191 3365 le,
212 3309 269 3348 neo
288 3288 403 3367 poinde
422 3291 485 3363 emi
504 3292 596 3351 facile
615 3301 728 3371 potest.
765 3290 828 3351 Sed
848 3290 1024 3370 conjectura
1042 3296 1184 3370 utraque
1205 3300 1271 3375 est:

153 3394 213 3452 qua
240 3373 349 3432 melius
377 3373 452 3452 qnid
479 3375 583 3435 afferri
610 3385 694 3454 opto.
732 3375 835 3439 Grsn.
896 3373 982 3434 Haec
1008 3370 1102 3433 atteri
1131 3374 1272 3435 Gesners'

153 3457 335 3536 conjectura
355 3456 434 3517 nihil
456 3456 566 3530 habet,
597 3479 658 3539 quo
681 3458 924 3520 commendetur.
967 3457 1069 3532 Quam
1089 3476 1173 3517 vero
1197 3456 1272 3539 pri·

152 3560 208 3600 ore
228 3541 297 3599 loco
318 3541 438 3618 posuit,
460 3545 607 3603 convenit
628 3563 663 3602 ea
684 3564 755 3602 cum
775 3545 903 3607 Erasms‘
921 3541 1096 3611 versionez·
1114 3542 1272 3616 ‚munir-

151 3624 263 3682 simum
290 3622 367 3682 milri
395 3624 553 3699 edulium,
583 3628 707 3685 sulzcbre
733 3641 763 3686 et
780 3616 929 3705 parabile
957 3623 1025 3698 (κοῖ
1043 3618 1209 3707 ,duorum
1233 3634 1272 3686 ut

152 3709 305 3771 Gesuorus
322 3708 417 3786 legit,
447 3709 537 3769 aliter
561 3720 664 3770 tamen
685 3715 825 3783 vertens)
856 3728 999 3768 amensa
1016 3708 1272 3773 submovens'i“

151 3790 306 3870 Equidem
325 3793 429 3852 nullus
441 3794 557 3853 dubito
565 3840 576 3868 ‚
602 3797 676 3875 quin
696 3803 783 3854 recte
804 3816 837 3852 so
855 3784 966 3852 habeut
985 3794 1089 3850 Jensis'
1109 3782 1273 3875 suspicio,

151 3875 331 3953 praesertim
351 3885 414 3935 tarn
436 3877 598 3938 evidenter
620 3877 771 3957 Principis
792 3878 946 3936 Editionis
975 3876 1167 3935 auctoritate
1187 3898 1273 3937 eon-

152 3958 282 4023 firmata.
325 3959 525 4045 Quapropter
545 3963 637 4025 etiam
656 3964 690 4022 in
717 3961 974 4042 interpretatione
1001 3960 1118 4027 Latino
1138 3960 1277 4045 addite*

343 4166 356 4207 a
