2602 4702
85 238 227 321 'ldl
392 224 989 314 anadraaro'aas

237 426 322 510 Peg?
346 418 727 504 106.1.2.'ametma)
755 420 854 488 Geni.
879 434 970 506 stapr'a
998 446 1027 487 c.
1056 428 1111 509 39.
1137 427 1188 491 Et
1207 426 1270 491 lroc

38 552 41 557 ·
152 517 223 577 loeo
240 514 402 581 ἐπιπίπτει
423 513 557 572 maxime
578 512 738 589 proprium
766 529 832 568 esse
852 512 1003 587 arbitror,
1032 512 1180 594 beneque
1211 514 1270 575 lra-

152 601 223 675 bet,
251 601 336 679 quod
362 597 443 657 nihil
466 595 649 656 variationis
678 601 820 652 notatum
847 594 984 658 irrvenio.
1014 594 1132 661 Rarrz.
1155 598 1226 669 H.
1249 599 1269 659 l.

152 679 328 749 luculum
347 680 474 761 proprie
499 700 535 737 ac
561 698 636 737 vere
672 676 792 736 dictum
814 674 853 735 de
872 677 1085 754 aggrediente,
1109 681 1270 760 impetam

54 792 61 813 ¹
152 766 288 828 faciente
308 768 342 828 in
364 764 508 844 aliquem.
550 761 613 821 Sed
632 780 726 837 supra
742 780 770 824 c.
789 761 841 841 39.
859 760 1061 833 ἒπειςπίπτειι
1076 783 1142 825 non
1165 766 1271 831 minna

153 852 316 933 proprium
336 849 468 910 verbum
488 854 520 906 et
538 845 630 904 unice
650 864 760 905 verum
783 843 822 903 de
842 865 901 913 eo>
928 846 983 923 qui
1009 846 1043 905 vi
1072 856 1195 909 terram
1217 851 1271 909 in·

107 946 110 951 ·
153 935 306 1013 greditur,
322 932 482 1012 irrumpit.
512 928 584 990 Hoc
604 937 651 989 est
666 937 807 989 nostrum
827 931 991 1010 einscllen,
1009 925 1089 991 illud
1106 934 1271 1013 upsallen.
1299 951 1301 990 ι

152 1018 282 1082 Lanu.

235 1097 319 1161 aaa
336 1096 358 1159 l.
376 1094 409 1161 d·
431 1095 581 1180 ’Διεὶρωὴ
601 1094 684 1158 Vide
704 1116 783 1175 quae
795 1104 869 1176 post
884 1098 1026 1156 lensium
1048 1092 1087 1158 de
1105 1094 1172 1171 hoo
1193 1120 1270 1173 ver,

154 1184 197 1247 bo
220 1182 377 1263 disputavi
394 1203 489 1262 supra
507 1180 545 1241 ad
566 1201 591 1239 c.
612 1182 665 1243 33.
687 1177 780 1261 hujus
799 1180 883 1243 Dial.
909 1180 1026 1247 Rama.
1073 1224 1077 1230 -

160 1266 175 1301 ·'
218 1268 323 1327 ‚aaa
343 1267 367 1328 l.
390 1269 439 1332 15.
467 1263 617 1337 ΜαζαΙας
633 1261 690 1340 τῆς
705 1256 904 1343 Λευκάιορος
926 1262 987 1327 τοῦ.
1001 1272 1075 1346 βαι.
1094 1267 1131 1333 ἓν
1145 1268 1270 1351 Boea.)

153 1348 485 1430 NominaScytlraxum
500 1350 622 1410 curiose
637 1348 801 1427 anquirere
819 1346 902 1409 haud
922 1367 1033 1426 operae
1052 1353 1197 1429 pretium
1221 1376 1269 1415 es·

158 1448 193 1493 aa
212 1433 308 1511 duxi;
333 1434 389 1494 sed
407 1431 483 1494 haec
502 1434 530 1501 si
558 1432 632 1492 ficta
649 1453 710 1491 non
729 1434 822 1506 sint‘,-
839 1432 951 1491 alicubi
976 1434 1060 1512 apud
1087 1436 1269 1505 Historiam

157 1538 323 1578 occurrere
342 1518 519 1579 verosimile
539 1525 595 1575 est.
612 1546 656 1560 -
683 1516 766 1577 Cave
787 1517 1013 1595 curameque,
1025 1511 1269 1596 βασιλεύσαντα

157 1600 246 1672 dicit,
265 1601 331 1662 sato
354 1602 497 1662 sunctum
518 1600 642 1659 credas:
661 1612 738 1659 mox
758 1601 840 1659 enim
860 1600 967 1659 rivam
986 1601 1121 1663 inducit.-
1142 1600 1267 1667 soma.

155 1684 256 1760 Vide,
276 1706 367 1767 quam
388 1686 465 1746 citat
483 1685 635 1762 lacobus,
657 1684 780 1743 Osannr'
800 1684 908 1762 ayllog.
928 1684 1087 1764 Inscriptt.
1102 1688 1268 1757 Essent.

152 1788 187 1850 p.
209 1786 279 1834 ιιι.
302 1770 414 1833 Lanu.
878 1802 881 1807 ·
933 1798 938 1807 ·
1209 1826 1213 1835 ,
1258 1818 1261 1823 .

238 1855 418 1939 Pag.'1o7.
438 1853 461 1914 l.
479 1847 511 1918 4.
536 1844 762 1933 Ἐχρημιὶτιζει
781 1845 882 1933 αὐτῷ)
909 1851 1003 1929 Quod
1026 1854 1267 1929 vertitatem·

151 1937 327 2015 pandant
345 1940 398 1997 illi
419 1960 492 2011 rex,
518 1956 537 1995 e
554 1939 669 2015 negotii
690 1939 786 2016 ipsius
804 1939 928 1997 ratione
945 1947 1080 1997 sumtum
1101 1950 1173 2023 est:
1200 1960 1266 2007 nam

125 2060 128 2065 ·
154 2019 195 2079 ad
212 2021 437 2100 proprietatem
457 2019 546 2083 verbi
567 2023 640 2080 satis
659 2021 775 2096 suerat,
794 2023 854 2102 jam
876 2042 1002 2096 operam
1022 2024 1075 2081 illi
1094 2045 1154 2083 rex
1175 2024 1266 2085 clads·

154 2115 229 2183 τοιἸ
242 2114 279 2163 ut
296 2106 426 2165 Icarom.
446 2126 475 2168 o.
496 2105 548 2167 26.
571 2105 609 2165 de
630 2107 719 2179 Jove,
742 2108 794 2184 qui
816 2105 903 2165 audit
923 2105 1025 2177 modo,
1045 2125 1112 2167 non
1127 2128 1265 2191 respon·

154 2186 226 2265 det,
246 2187 314 2254 tuat
331 2189 365 2254 dl
383 2187 500 2265 inercie
518 2183 706 2291 ἐχρημάτισε
720 2194 791 2262 ταῖς·
810 2185 925 2271 εὐχαῖς.
954 2190 1056 2253 Gasra.

238 2275 326 2373 Pop.
349 2277 419 2340 108,
440 2275 461 2334 l.
485 2295 514 2336 a.
552 2282 597 2348 Ος
618 2298 666 2348 τις
683 2269 706 2349 ἢ
725 2275 832 2354 γένους
851 2306 891 2319 ·-
910 2271 994 2355 ἔχοι)
1014 2273 1264 2351 tegendum-vt·

153 2353 246 2417 detur
272 2380 318 2431 ore
343 2382 408 2431 τις,
437 2378 475 2416 eo
504 2378 612 2432 sensu,
638 2378 729 2437 quem
757 2359 1015 2436 interpretatione
1041 2362 1263 2438 expressimus.

151 2436 285 2500 Possum
313 2441 509 2519 interrogare
535 2442 671 2517 Graece,
707 2441 789 2520 quod
826 2443 898 2499 satis
924 2449 1065 2511 constat,
1095 2440 1170 2517 πῶς
1188 2442 1262 2529 ἔχεις

154 2519 309 2597 πλούτου,
326 2522 449 2604 γένους,
466 2517 628 2602 δυνάμεως
632 2548 645 2598 ,·
671 2545 765 2603 quam
781 2524 869 2582 olives
882 2526 938 2582 as?
959 2531 1018 2583 etc·
1042 2525 1099 2585 sed
1119 2548 1264 2606 possum-

147 2625 197 2665 ·ne
214 2608 324 2675 etiam,
352 2609 400 2679 ιιι
418 2604 498 2690 ἔχεις
527 2599 659 2671 πλούτου
665 2629 677 2679 ,-
707 2608 807 2667 Gara.
848 2607 1018 2666 Adteverat
1046 2609 1166 2683 Solon.
1188 2632 1263 2685 coa·

152 2687 313 2751 ferendam
333 2710 400 2771 pag.
432 2711 461 2753 1.
487 2690 528 2754 T.
550 2690 583 2755 l.
610 2690 660 2751 lbi
680 2685 804 2772 φύσεως
822 2688 905 2773 ἔχων
923 2687 1030 2766 δεξιοῖς
1050 2692 1164 2772 legas3,
1182 2692 1264 2777 quod

153 2774 259 2833 tamen
276 2775 433 2836 nonsatis
457 2777 604 2837 convenit
631 2795 705 2835 cum
730 2778 846 2854 vulgat.
872 2769 955 2851 deur
975 2772 1057 2857 ἔχοι,
1074 2776 1163 2851 'nisi
1181 2776 1285 2859 qaod·

117 2926 120 2931 ,
152 2854 216 2939 ἔχοι
235 2858 379 2918 similiter
396 2880 469 2920 cum
487 2862 625 2939 genitivo
652 2860 853 2922 construitur.
894 2862 1027 2939 Propius
1054 2863 1178 2925 accedit
1206 2862 1263 2923 hoe

152 2944 335 3002 Herodiani
354 2945 388 3020 Ι,
416 2966 453 3022 7,
482 2966 511 3022 7.
537 2944 647 3027 χιίους
666 2944 721 3023 μὲν
743 2939 835 3009 odvo‘
862 2939 1028 3025 Κόμμοδος
1057 2937 1166 3019 οὕτως·
1191 2945 1265 3028 ιῖχιζ

147 3026 344 3087 Nec-tamen
365 3030 456 3107 plane
473 3028 557 3089 idern
578 3039 640 3089 est:
662 3050 733 3090 nam
754 3051 824 3089 cum
846 3024 961 3104 odrae,
984 3025 1071 3103 nair,
1093 3050 1131 3088 ao
1152 3031 1264 3091 simili·

153 3111 212 3170 hus
231 3111 386 3171 adverbiis
405 3120 452 3172 est
469 3116 542 3173 satis
561 3115 706 3183 obvium,
732 3123 768 3173 ut
780 3113 864 3177 ¹ibid.
886 3112 949 3188 IV,
976 3134 1016 3192 9,
1046 3133 1076 3192 9.
1098 3112 1173 3187 noia
1196 3113 1266 3196 ἔχοι

153 3189 293 3274 vittatam
320 3215 392 3257 cum
418 3221 464 3270 τις
491 3218 589 3268 vero,
617 3208 654 3256 ut
678 3199 726 3270 τίς
752 3195 838 3281 ἔχοι,
867 3218 925 3277 pro
951 3199 1020 3272 εἴη,
1051 3217 1116 3257 non
1135 3198 1266 3261 aliunde

153 3281 313 3340 succurrit.
358 3282 464 3357 Quare
487 3303 529 3340 ex
551 3282 583 3340 P.
606 3278 650 3355 oie
669 3285 791 3362 recepi,
816 3292 851 3342 ut
879 3282 976 3360 probe
999 3283 1155 3340 Gesnarus
1178 3284 1266 3347 divi÷

57 3384 60 3391 ·
150 3373 253 3428 narat.
281 3363 392 3427 Raraz.
456 3364 597 3442 Quadam
628 3387 670 3426 ex
702 3377 790 3444 parte
816 3387 889 3425 sane
921 3364 984 3424 huc
1009 3362 1133 3424 faciunt
1166 3368 1268 3429 verba

155 3449 274 3508 Somnii
301 3472 330 3513 c.
350 3466 382 3511 a.
404 3442 529 3531 primore
555 3447 635 3533 ἔχων
663 3446 779 3524 δεξιοῖς·
807 3452 928 3530 aptiora
955 3470 1030 3509 vero
1060 3460 1155 3521 sunt,
1185 3470 1266 3533 quae

154 3531 268 3592 ibidem
289 3534 392 3614 paullo
413 3535 553 3614 superius
570 3537 733 3612 leguntur,
764 3530 808 3608 οἷς
830 3534 937 3605 ι’ἰιαςος
956 3525 1080 3614 persifone
1105 3531 1128 3611 ἦ
1151 3536 1266 3616 ἔμπει-

153 3615 224 3696 ρίαι
244 3614 329 3698 εἶχεν.
371 3616 422 3676 Ad
441 3622 538 3697 ipsam
558 3618 723 3679 formulam
751 3617 966 3678 illustrandam
996 3621 1151 3697 Seagerus
1184 3640 1266 3683 eon-v

154 3702 230 3759 ferri
246 3703 335 3781 jubet
356 3705 515 3782 complura
534 3703 609 3762 loca.
648 3702 731 3762 Vide
760 3704 886 3762 omnino
907 3702 1021 3768 Adnot.
1042 3702 1082 3761 ad
1102 3702 1216 3767 Somn.
1231 3720 1263 3767 2·

154 3784 245 3845 Ton.
266 3787 291 3845 ΙΙ
316 3808 347 3864 p.
372 3789 445 3862 174.
466 3802 510 3888 sp.
553 3785 646 3849 Nunc
672 3788 867 3866 potissimum
898 3787 1041 3847 conseras
1063 3786 1135 3847 Jov.
1165 3788 1264 3867 Trag.
1294 3828 1297 3833 -

155 3888 183 3928 c.
207 3886 233 3945 χ.
260 3864 370 3944 κάθιζε
397 3864 528 3944 αὐτους,
556 3864 637 3935 sarai
657 3864 715 3949 τήν
734 3863 822 3948 ἐξίοι
842 3872 992 3945 ἕκαστον,
1020 3863 1063 3943 οἷς
1082 3862 1264 3951 clodiensi

154 3950 260 4035 τέχνης
286 3952 354 4036 ἔχοι
382 3956 481 4032 (vulg.
510 3953 595 4041 ἔχῃ.)
637 3955 689 4015 Ex
719 3979 780 4036 quo
806 3956 876 4014 loco
905 3964 990 4035 patet
1017 3955 1126 4031 simul,
1154 3967 1196 4019 ut
1222 3975 1264 4017 ex

154 4039 258 4100 multis
279 4039 345 4101 aliis
364 4038 532 4119 similibus,
557 4049 589 4102 et
614 4038 645 4100 h.
673 4042 694 4100 l.
719 4040 783 4126 ἔχοι
811 4042 891 4103 benc
914 4040 1047 4110 habere,
1074 4060 1262 4124 quamquam
