2602 4702
693 156 806 229 ''.

44 278 48 295 '
154 278 230 373 594
433 256 988 347 auuoruruonn's
1094 306 1096 311 v

157 466 233 532 vu.
255 462 336 539 cns,
352 458 506 522 cxxix,
527 459 583 519 nn
603 459 712 520 suum
730 458 890 541 ernanus
919 418 1192 541 ,aspisatim
1213 451 1272 525 st-

159 575 209 637 7⁰⁶
223 543 384 628 διάφοροιι
420 544 578 622 Apulejus
608 564 648 602 ex
669 543 730 603 hoc
750 553 804 605 aut
822 543 924 603 Lucio
948 543 1027 623 ipse.
1036 545 1140 605 omnia
1160 543 1271 605 babet.

93 634 96 643 '
166 635 245 695 Vide
265 634 396 692 Salmas.
416 624 501 707 prol.
521 625 560 686 ad
580 625 721 691 Exercit.
738 627 820 691 Plin.
847 627 920 691 AG.
944 627 1000 687 111.
1021 648 1054 691 ιι.
1073 648 1105 688 ιι.
1117 648 1160 697 n.
1180 648 1215 690 ιι.
1237 636 1273 691 st

65 770 70 777 ,
160 716 326 795 lamprid.
348 710 507 773 Commod.
528 729 596 790 cap·
617 728 665 773 ιι.
683 710 739 771 ubi
760 708 838 791 Imp.
859 730 973 772 nomen
987 704 1073 784 duce
1100 720 1162 773 etc.
1182 712 1297 772 'Me-²

158 808 298 864 moratur
317 797 399 878 apud
419 794 554 855 Philon.
580 794 616 853 in
634 790 772 856 Herodis
802 796 866 855 vita
889 814 921 873 p.
948 793 1022 860 556.
1046 795 1167 863 Lucius
1195 796 1276 876 qni-

55 948 57 953 ,
156 886 228 945 dam
247 875 327 962 cisalo
342 871 533 960 cauden-iv
547 878 615 952 soie
634 878 782 959 φανεροῖς
798 878 974 952 σπόυδαῒος.
1057 877 1201 957 ovouslqs
1226 875 1275 963 aqi

161 967 269 1050 Τυρίῳ
282 954 571 1046 προςφοιτῆσας...
585 958 835 1039 ἐπιτηδειότατος
847 959 894 1041 aqi
906 956 997 1042 Ἠρω
1018 986 1046 1044 ῃ.
1091 961 1154 1021 Vir
1175 963 1276 1024 etiam

77 1049 82 1059 ’
158 1054 294 1125 facetus,
324 1057 355 1107 et
382 1048 430 1110 M.
457 1044 603 1118 Aurelio,
627 1054 663 1105 ut
682 1065 724 1107 cx
743 1045 942 1124 sequentibus
961 1053 1064 1123 patet,
1092 1045 1275 1107 familiaris.

159 1137 280 1195 Sosin.
297 1131 372 1193 Non
392 1129 431 1189 de
450 1127 549 1188 nihilo
567 1127 700 1209 videtur,
720 1128 803 1209 qndd
823 1123 905 1209 apud
929 1126 1276 1211 Photiumcod.'129.

25 1230 30 1245 '
128 1268 132 1287 .
158 1240 192 1301 p.
216 1212 535 1278 laurissamensis
560 1221 688 1272 vocatur
709 1210 761 1272 hic
782 1211 905 1272 libellus
925 1211 1043 1288 Λουκῖς
1057 1205 1080 1289 ἢ
1096 1205 1189 1289 ὄιος,
1219 1214 1276 1273 ni..

158 1300 273 1362 mirum
292 1307 330 1357 ut
347 1291 479 1372 Ἀτθῖς,
498 1305 536 1356 ut
555 1295 669 1367 Aeneis
690 1305 748 1356 etc.
768 1299 831 1374 ogit
852 1297 935 1356 enim
966 1296 1006 1357 de
1034 1297 1129 1357 rebus
1162 1295 1283 1379 Lucii„

161 1386 326 1444 Caeterum
349 1381 417 1442 sere
438 1390 503 1449 est,
524 1388 561 1440 ut
582 1381 731 1439 assentiar
747 1379 863 1439 Photis
880 1381 905 1440 1.
928 1399 956 1445 c.
978 1401 1016 1439 eo
1037 1379 1226 1456 inclinanti,
1256 1402 1275 1443 o

158 1468 252 1529 Lucii
276 1463 426 1525 Patrensis
447 1462 594 1543 ampliore
612 1463 787 1522 narratione
807 1462 885 1523 banc
906 1464 1080 1523 breviorem
1101 1462 1274 1525 aLuoiauo

160 1559 367 1625 contractam,
397 1547 547 1627 adspersis
572 1545 646 1606 hinc
666 1546 740 1606 inde
759 1547 835 1626 jocis
845 1591 856 1621 ,
884 1547 996 1628 quibus
1023 1545 1085 1608 nou
1106 1550 1192 1607 serio
1213 1547 1274 1608 ista

83 1704 86 1709 ¹
158 1635 280 1694 narrari
299 1631 485 1692 ostenderet.
526 1630 689 1689 Pleniores·
711 1630 805 1689 Lucii
827 1631 925 1691 libros
950 1651 1021 1690 oum
1048 1639 1114 1690 tota
1140 1631 1274 1693 illorum

80 1710 83 1715 ’
160 1716 383 1797 superstitione
402 1724 522 1774 secutus
542 1711 670 1774 videtur
690 1714 868 1791 Apulejm,
884 1714 972 1795 cujus
991 1713 1101 1775 ultimo
1120 1716 1274 1795 praeser-

159 1803 217 1862 tim
237 1801 318 1861 libro
339 1800 472 1869 fanatica
490 1807 595 1876 regnat
616 1796 811 1873 credulitas,
828 1807 861 1858 et
891 1800 993 1859 exitus
1021 1797 1109 1878 quasi
1130 1800 1273 1876 tragicus

159 1885 231 1946 finit
250 1884 401 1955 sabulam3
429 1891 466 1941 ut
485 1883 638 1950 comicus,
666 1881 719 1941 vel
745 1883 895 1960 satyricus
914 1883 1038 1962 potius,
1068 1882 1275 1953 Lucisneam.

150 1970 266 2039 Girsu.
308 1966 449 2030 Titulum
467 1965 702 2038 ributmonte
726 1959 748 2042 ἢ
769 1959 842 2038 ὄνος
861 1986 932 2026 cum
952 1965 1184 2026 Photioctiam
1207 1958 1275 2027 Co·

160 2053 225 2113 dex
243 2072 323 2111 unus
342 2070 471 2124 eorum,
493 2069 570 2130 quos
589 2051 678 2108 Cour.
700 2049 873 2124 consuluit,
896 2047 1034 2110 exbibet.
1078 2049 1187 2123 Quare
1209 2069 1275 2110 nou

160 2134 340 2198 dubitabam
358 2155 429 2196 eum
452 2134 542 2193 alteri
561 2132 607 2192 illi
625 2125 763 2208 Λούκιος
776 2128 798 2211 ἢ
813 2128 887 2207 dane
899 2153 977 2192 ‘cum
993 2134 1081 2192 Cour.
1098 2134 1274 2210 praeferre.

159 2221 213 2280 De
233 2230 358 2280 auctore
379 2215 520 2281 dissentit
549 2237 568 2276 a
586 2218 718 2277 Gesnero
738 2225 771 2297 et
792 2217 910 2279 Plautio
937 2216 1164 2285 Wielancla'us,
1195 2237 1275 2296 pro·

159 2304 292 2366 habilius
302 2347 313 2376 ,
341 2302 470 2375 docens,
499 2300 628 2362 Lucium
657 2303 835 2362 Patrensem
866 2300 1097 2381 compilatorem
1122 2299 1273 2371 Luciani,

161 2408 260 2468 quam.
275 2387 448 2445 Lucianum
469 2385 574 2457 Lucii,
595 2383 710 2444 haberi.
751 2385 794 2443 Et
812 2392 936 2443 eatenus
959 2384 1091 2461 quilibet
1110 2403 1186 2444 cum
1208 2386 1274 2445 elc-

130 2457 135 2465 ⁸
162 2471 338 2550 gantissimo
357 2467 461 2548 judice
483 2469 593 2541 saciet,
625 2470 677 2547 qui
696 2465 826 2526 Luciani
852 2467 1008 2545 ingenium
1034 2468 1201 2543 proprium
1222 2466 1274 2529 vel

162 2574 204 2612 cx
223 2552 306 2611 Vera
326 2552 390 2629 ejus
410 2552 549 2609 Historia
568 2550 765 2627 cognoverit,
794 2570 895 2630 neque
915 2549 991 2609 adeo
1013 2548 1170 2628 patienter
1191 2552 1276 2612 feret

160 2637 258 2696 verba
277 2636 312 2695 in
329 2633 405 2692 cod.
434 2635 545 2698 Venet.
578 2650 629 2707 72.
656 2633 693 2692 ad
723 2633 837 2692 calcem
856 2633 967 2692 tiballi
996 2632 1170 2711 adscripta,
1202 2644 1274 2695 eta

163 2721 256 2781 Cour.
283 2726 389 2777 contra
419 2734 503 2774 suam
534 2717 630 2793 ipsius
655 2716 837 2775 sententiam
866 2715 965 2778 editas
1005 2720 1280 2787 AOYKIANOY

161 2802 384 2866 EHITOMH
408 2803 506 2865 ΤΩΝ
525 2804 726 2865 AOYKIOY
744 2799 1176 2867 ΜΕΤΛΜΟΡΦΩΣΕΩΝ.
1207 2822 1277 2863 ma·

162 2884 278 2943 nisesto
306 2883 360 2943 illa
387 2903 406 2942 a
433 2880 571 2946 studioso
597 2880 730 2965 quodam
760 2883 873 2944 Photis·
911 2880 1031 2944 lectore
1059 2891 1092 2943 et
1120 2894 1278 2947 sectatore

162 2968 314 3048 prosecta.
358 2966 444 3044 Quid
463 2968 564 3029 verol
592 2969 618 3027 si
645 2966 697 3026 hic
725 2968 813 3048 ipse,
838 2968 878 3028 de
907 2988 968 3049 quo
996 2967 1117 3047 agitur,
1145 2968 1275 3030 libellus

75 3116 78 3121 ,
128 3102 130 3108 .
161 3070 228 3111 ιιοιι
247 3053 393 3111 Luos'ano
413 3061 532 3131 nostro,
554 3051 608 3112 sed
628 3052 688 3131 ipsi
707 3053 758 3113 isti
775 3051 876 3112 Lucio
897 3052 1048 3131 Patrensi,
1067 3072 1159 3132 quern
1179 3054 1276 3113 Pto·

162 3139 228 3195 tius
246 3144 483 3211 commemorat,
506 3130 742 3215 adscribendus,
763 3144 796 3196 et
817 3157 905 3197 error
924 3154 965 3197 cx
985 3135 1191 3196 similitudine
1211 3157 1275 3197 no-

163 3220 283 3279 minum
305 3220 449 3289 Luciani,
470 3220 564 3280 Lucii
586 3228 618 3279 et
634 3220 748 3298 Lycini
768 3252 810 3268 -
831 3240 901 3282 nam
922 3229 954 3280 et
973 3219 1033 3280 hoc
1051 3221 1179 3279 nomine
1199 3240 1277 3301 pas·

163 3302 278 3362 simin
305 3299 433 3381 dialogis
459 3306 539 3373 suis,
570 3314 604 3364 ut
631 3303 665 3361 in
691 3305 911 3378 Hermotimo,
936 3325 964 3369 e.
993 3326 1021 3366 a.
1051 3303 1210 3379 Lucienus.
1239 3312 1291 3365 ω’·

162 3385 230 3464 ipse
252 3387 407 3465 appellare
427 3388 545 3446 solebat
565 3418 608 3432 -
629 3397 715 3447 ortus
744 3409 810 3447 esse
839 3384 1004 3448 videatur?
1046 3389 1117 3447 Hoc
1143 3388 1276 3466 quidem

71 3466 76 3473 ’
165 3477 305 3537 certum,
338 3471 531 3539 Lucianum‚
567 3471 593 3530 si
619 3492 694 3531 vere
725 3470 817 3551 hujus
844 3472 966 3532 fabulae
996 3473 1134 3548 scriptor
1161 3470 1276 3541 fuerit,

163 3551 233 3630 plus
255 3573 346 3632 quam
367 3555 480 3615 Protea
499 3553 675 3614 habendum
699 3558 781 3629 esse,
813 3556 866 3635 qui
886 3575 942 3634 per
959 3553 1043 3613 hunc
1060 3555 1224 3630 libellum,
1246 3557 1276 3615 si

163 3636 215 3694 vel
237 3636 398 3695 consilium
420 3639 621 3713 narrationis,
642 3638 693 3698 vel
712 3634 859 3699 orationis
878 3639 1022 3716 sormam,
1044 3647 1184 3719 spectes,
1204 3648 1277 3699 toto

165 3718 252 3775 coelo
274 3719 411 3777 diversus
434 3726 580 3800 appareat
600 3743 617 3782 a
637 3724 840 3801 genuinorum
852 3722 1005 3782 librorum
1020 3732 1156 3783 auctore.
1173 3722 1277 3801 Ejus-

165 3799 236 3859 dem
256 3802 382 3862 omnino
404 3805 572 3866 sententiae
594 3814 640 3864 est
660 3806 795 3864 Gourier.
815 3806 849 3864 in
867 3807 1001 3868 Praesat.
1027 3807 1065 3866 ad
1084 3805 1148 3886 huj.
1171 3806 1277 3869 libelli

164 3882 342 3945 editionem.
383 3887 428 3946 Et
446 3888 499 3947 alii
520 3898 641 3969 quoque
662 3889 776 3948 eruditi
797 3890 871 3963 viri,
894 3891 928 3948 in
949 3888 998 3947 his
1015 3887 1276 3949 Hemstsrhusius

47 3972 54 3985 ⁴
165 3965 279 4044 passim
297 3968 330 4026 in
352 3971 432 4028 notis
453 3971 491 4031 ad
508 3969 688 4047 Lucianum,
709 3964 773 4032 non
793 3972 1023 4033 dissimularunt
1044 3960 1275 4035 dubitationem

147 4068 252 4117 ¹suam
274 4048 312 4108 de
334 4050 425 4131 hujus
445 4056 543 4116 libelli
563 4056 623 4116 lide
645 4065 677 4116 et
698 4058 825 4136 origine.
854 4057 964 4119 Luam.
