2602 4702
174 237 249 316 Im
450 213 1174 325 sonorarronns.=f

174 420 280 494 ,3559
300 420 423 495 referre
442 409 631 500 possumus?
657 413 738 477 Sana
754 414 910 497 scripture
933 417 1134 500 (quamquam
1155 422 1287 503 Solenq'

175 514 310 573 Gesnero
337 515 371 566 et
398 505 520 562 Reitzio
551 494 705 578 ἀόρατος)
733 509 780 561 est
804 504 918 567 καλλίω
939 504 975 569 δὲ
994 505 1050 570 καὶ
1069 502 1288 591 ἐρασμιώτεραι

176 593 293 675 (rocus.
317 590 419 668 plur.)
440 576 499 649 ὑπ’
526 578 629 660 nitrio
653 611 682 649 τ.
704 601 744 665 ψ.
767 588 848 650 σκ.“
866 590 1023 668 Seogerus
1042 589 1077 649 in
1093 593 1185 657 Diar.
1205 593 1286 655 crit.

174 679 250 740 vol.
266 674 391 753 XVIII.
405 689 437 749 p.
455 670 506 728 48.
528 669 667 744 Vereor,
685 689 725 728 ne
739 669 805 749 ipse
819 672 971 750 Sqagerus
987 694 1096 735 verum
1112 697 1177 737 non
1192 677 1287 738 ride-

173 763 227 825 rit.
255 757 434 838 Simplicior
458 761 545 814 certe
568 754 685 828 multo,
718 761 754 833 et·
769 757 888 832 aptior,
917 765 964 816 eat
983 759 1163 832 sententia,
1193 783 1287 841 quam

174 848 346 915 Raiteiana
362 838 455 899 lectio
472 836 610 917 praebet.
637 836 705 896 Nec
721 858 779 915 pro
799 834 905 904 eisaie
924 843 1162 906 rescribendum
1185 840 1285 930 αὐτῷ,

174 927 261 1012 quod
277 923 473 987 Schmiedero
492 923 589 998 magis
616 917 733 999 placuit
740 943 748 996 ;
775 944 871 1003 quum
892 925 970 985 illud
992 947 1057 987 non
1075 929 1179 989 solum
1197 951 1286 991 con·

174 1021 295 1075 stanter
309 1015 456 1070 tueantur
469 1025 575 1066 omnes
589 1004 680 1075 libri,
701 1004 861 1068 sedetiam
878 1010 1039 1070 commode
1061 1011 1106 1074 ita
1127 1013 1287 1092 explicare

174 1096 275 1178 possis
283 1138 295 1168 ,
314 1101 351 1153 ut
365 1091 485 1151 reseras
495 1109 559 1148 non
573 1097 636 1148 tam
651 1087 690 1147 ad
707 1109 805 1157 unmn¹
816 1112 926 1152 vocem
941 1091 1050 1174 σῶμα,
1072 1117 1163 1176 quam
1182 1100 1286 1177 potius

174 1176 325 1256 intelligas
341 1168 384 1239 roi
404 1169 463 1240 τοῦ
477 1166 621 1253 σώματος
636 1165 717 1235 καλοὶ
731 1175 787 1237 καὶ
806 1169 962 1257 ἔρᾶσμια·
986 1187 1056 1254 aut,
1076 1181 1104 1240 si
1118 1179 1179 1240 hoc
1193 1181 1286 1259 nolis,

171 1264 208 1326 in
224 1282 301 1323 voce
317 1258 408 1339 σῶμα
423 1259 525 1335 cogita
544 1256 679 1334 singulas
700 1257 769 1318 illas
793 1264 933 1340 corporis
954 1271 1073 1341 partes,
1099 1260 1173 1344 quas
1194 1275 1286 1327 antea

173 1344 397 1428 pulcherrimas
420 1342 556 1405 finxerat
582 1341 731 1419 Lycinus.
771 1340 810 1405 In
836 1347 966 1405 Gesneri
993 1348 1119 1427 quidem
1139 1350 1285 1411 versione

127 1438 129 1447 '
172 1431 345 1504 nemiuem,
364 1426 477 1497 credo,
499 1424 579 1485 mule
593 1423 832 1503 habuerit-illud
844 1429 902 1488 sub
915 1432 1006 1509 istis,
1025 1432 1086 1492 etsi
1105 1452 1286 1514 praecesse·

172 1516 218 1591 rit
235 1532 356 1592 eorpus.
377 1511 488 1574 ersr.
522 1546 525 1551 ·

256 1597 339 1662 End.
352 1595 374 1654 l.
388 1596 418 1655 5.
433 1592 566 1658 Βασιλεῖ
576 1588 622 1677 τῷ
637 1591 720 1675 μορ.)
734 1592 842 1655 Minus
857 1604 929 1677 apte
945 1594 1021 1658 haec
1036 1599 1078 1666 L.
1099 1600 1188 1661 Vero
1210 1622 1286 1669 cm-

172 1680 304 1743 veniunt
311 1701 320 1755 ;
340 1677 395 1738 sed
417 1677 588 1739 adulatorie
610 1677 693 1737 dicta
707 1679 859 1741 censenda
882 1692 964 1744 sunt.
1008 1684 1092 1758 Vide
1114 1686 1230 1751 Getae.
1245 1686 1284 1749 ad

171 1765 217 1826 M.
231 1761 339 1822 Aurei.
352 1763 470 1825 Ancon.
484 1763 571 1833 VIII,
588 1763 641 1837 37.
653 1763 678 1837 li
697 1781 744 1839 ¹7·
761 1772 795 1823 et
807 1765 903 1827 vitam
918 1767 1063 1847 operibus
1079 1767 1285 1848 praemissam,

75 1894 81 1908 .
171 1869 203 1930 p.
220 1848 295 1913 XL..
307 1845 490 1907 scholiastes
505 1854 591 1907 recte
606 1843 691 1906 Vero
710 1848 839 1923 tribuit3
859 1849 914 1908 sed
928 1853 961 1911 in
979 1873 1016 1912 eo
1033 1873 1134 1913 erasse
1148 1853 1285 1929 videtur,

172 1932 269 2014 quodo
281 1952 414 2006 uxorem,
431 1951 495 1990 non
519 1931 726 1991 concubinam
747 1933 850 1993 saciat.
873 1933 968 2001 Uxor
987 1937 1076 1996 enim·
1094 1937 1124 1996 ei
1144 1939 1284 2013 Lucilla,

170 2037 236 2078 non
248 2015 415 2075 Penthea:
436 2035 538 2095 neque
553 2012 605 2074 hic
621 2035 752 2094 usquam
767 2038 845 2076 uxor
860 2019 961 2095 audit,
979 2020 1032 2079 aed
1047 2029 1169 2081 tantum
1187 2028 1285 2103 βασι-

171 2100 219 2167 ut
232 2096 385 2243 cressione,
402 2095 455 2158 hic
470 2108 504 2160 et
517 2120 582 2180 cap.
601 2116 650 2162 10.
667 2109 728 2167 eto.
741 2101 793 2161 cui
807 2098 976 2182 Imperator
990 2105 1174 2168 consuescit.
1193 2106 1285 2167 Adde

170 2204 199 2247 0·
215 2204 266 2250 200
307 2202 404 2247 ΟΜΝ·

253 2269 335 2328 Ead.
351 2269 374 2332 l.
395 2286 425 2344 7·
451 2261 696 2348 Εὖδαομόνημα)
724 2266 827 2329 Locus
852 2272 1005 2345 Homeri,
1032 2271 1087 2350 qui
1107 2271 1286 2349 respicitur,

170 2361 219 2414 est
237 2372 279 2413 ex
295 2354 334 2413 11.
350 2355 373 2414 I.
387 2364 418 2414 ν’.
434 2354 506 2433 389.
522 2348 665 2431 [Κούρην
679 2345 714 2413 δ’
736 2348 775 2417 σύ
787 2352 893 2431 γαμέω
907 2348 1140 2436 Ἀγαμέμνονος
1154 2349 1286 2436 Ἀτρεί-

160 2440 239 2520 δαο,
257 2432 357 2516 [Οὐδ’
375 2441 405 2500 εἰ
418 2444 547 2520 χρυσείῃ
561 2430 733 2519 Ἀφροδίτῃ
748 2431 857 2509 κάλλος
870 2437 973 2517 ἐρίζοι,
988 2433 1108 2519 [Ἔργα
1126 2429 1158 2501 δ’
1172 2432 1286 2518 Ἀθη-

69 2589 72 2593 .
169 2524 244 2609 reip
262 2515 465 2604 mantuam
480 2519 673 2600 ἰσοφαρίζοι·
697 2514 832 2595 [Filium
844 2542 915 2578 vero
927 2523 1174 2600 Agamemnonis
1188 2527 1284 2584 Atri-

168 2608 230 2669 dae
249 2629 312 2668 non
327 2625 451 2664 uxorem
466 2605 628 2671 duxerim,
651 2598 740 2683 [Non
755 2606 894 2663 etiamsi
910 2625 1010 2664 aureo
1024 2626 1095 2664 cum
1111 2609 1230 2667 Venere
1243 2610 1283 2668 de

162 2694 290 2774 formae
304 2691 412 2768 glorio
426 2699 575 2756 certaret,
597 2685 802 2769 [Caesiaeque
821 2688 958 2748 Palladi
974 2692 1019 2747 in.
1032 2690 1182 2767 operibus
1197 2693 1284 2770 soret

165 2776 256 2857 pan]
281 2773 443 2831 Caeterum
457 2772 492 2830 in
512 2770 618 2831 verbis
639 2772 799 2847 Luciani,
816 2771 888 2853 quia
906 2792 972 2832 vox
992 2767 1204 2854 ἐὐδαιμόνημα
1216 2796 1281 2836 non

167 2860 261 2941 facile
278 2853 351 2914 alibi
369 2856 524 2930 occurrit,
549 2865 581 2915 et
595 2856 687 2935 plane
708 2857 820 2916 omissa
842 2864 889 2917 est
904 2857 942 2917 ab
956 2860 1004 2921 H.
1021 2858 1200 2937 Stephano,
1225 2881 1281 2920 co-

166 2943 300 3023 gimbam
314 2938 704 3017 scripsissemeLuoiunm
726 2936 872 3020 εὔδαιμον
896 2938 1017 3023 κτῆμα,
1039 2950 1076 3002 ut
1096 2944 1182 3004 infra
1195 2945 1283 3011 Tox.

166 3045 194 3088 o.
212 3021 264 3089 62.
281 3023 419 3084 amicitia
436 3032 565 3085 vocatur
577 3020 680 3101 κτῆμα
700 3018 869 3106 κράτιστον
888 3027 942 3098 καί
962 3019 1142 3096 κάλλιστον,
1165 3036 1199 3086 et
1219 3026 1280 3099 Pa·

165 3109 252 3186 rasit.
264 3128 292 3173 c.
309 3109 359 3169 58.
381 3107 498 3168 dicitur
517 3105 562 3192 aqi
582 3107 730 3189 τρέφοντι
748 3104 843 3176 καλὼ
867 3110 922 3176 καί
937 3109 1090 3193 instruile
1103 3106 1227 3192 κτῆμα,
1247 3121 1282 3173 et

165 3194 246 3272 ignis
262 3191 435 3273 appellatur
448 3191 638 3274 repensorem
653 3191 758 3275 κτῆμα
772 3194 837 3259 ruis
847 3192 935 3258 θεαῖν
955 3196 989 3254 in
1004 3195 1190 3256 Prometheo
1204 3193 1279 3276 §.a

164 3278 209 3338 At
221 3298 285 3338 non
300 3278 512 3338 attrectandus
527 3277 579 3336 hic
593 3278 698 3354 Iocum
717 3300 830 3360 neque,
852 3288 939 3359 puto,
962 3279 1034 3339 satis
1056 3281 1207 3341 concinne
1227 3277 1280 3339 di-

164 3358 308 3437 eeret'ur,
329 3353 368 3425 mi
384 3356 446 3444 peip
461 3356 575 3444 μικρόν
586 3359 679 3426 sciro
693 3357 841 3444 εὔδαιμον
857 3360 957 3444 κτῆμα
968 3355 1056 3445 γυνή.
1084 3362 1146 3424 Sed
1164 3384 1222 3425 nec
1237 3364 1280 3424 ob

164 3448 319 3509 rariorem
342 3465 432 3507 usum
457 3467 522 3508 vox
545 3447 707 3528 quaepiam
735 3447 922 3519 damnanda,
956 3448 1055 3507 multo
1081 3450 1183 3509 mium
1207 3447 1282 3528 quia

164 3531 254 3592 obest
268 3531 306 3591 ab
322 3530 565 3611 locupletissimo
588 3532 789 3612 caeteroquin
810 3532 966 3610 Stephani
988 3530 1160 3598 Thesauro.
1201 3531 1281 3593 Ete-

43 3660 48 3668 ,
163 3617 248 3693 uim,
268 3635 310 3675 ne
326 3614 365 3676 de
381 3617 449 3676 aliis
466 3615 670 3695 scriptoribus
692 3615 820 3675 Graecis
841 3611 970 3695 loquar,
994 3616 1030 3676 in
1050 3619 1197 3677 Lucieno
1215 3636 1282 3675 no·

164 3709 233 3761 stro
256 3700 500 3781 quamplurimae
525 3719 618 3760 voces
639 3708 732 3778 sunt,
752 3719 826 3779 ques
851 3700 969 3760 frustra
986 3700 1021 3760 in
1045 3698 1206 3760 Thesauro
1219 3698 1282 3781 illo

147 3786 342 3867 quaesieris.
372 3785 446 3844 Non
467 3784 603 3844 alienum
623 3782 696 3843 fore
721 3792 816 3863 puto,
842 3781 895 3844 hic
920 3805 971 3846 eus
998 3783 1168 3865 subjicere,
1196 3802 1282 3862 quae

49 3920 53 3927 .
164 3870 256 3931 nobis
274 3890 316 3929 er
332 3868 538 3929 Samosatensi
558 3876 682 3929 notatae
703 3876 794 3939 sunt,
813 3887 943 3950 quarum
963 3867 1047 3928 haud
1066 3865 1160 3927 facile
1178 3866 1279 3942 ullam

166 3954 251 4036 apud
266 3954 460 4032 Stephanum
474 3952 647 4014 offenderis.
689 3952 771 4012 Sunt
791 3962 895 4014 autom
916 3951 992 4013 hae:
1011 3981 1059 4001 -ε
1074 3947 1192 4029 (Omisi
1212 3971 1277 4024 eas,

165 4049 205 4109 ut
220 4039 345 4105 chartae
360 4058 538 4122 parcerem5
559 4038 742 4120 praesertim
758 4059 854 4120 quum
872 4037 970 4100 index
983 4056 1089 4099 eurum
1110 4054 1193 4098 nunc
1215 4056 1276 4098 uon
