2602 4702
1 277 4 286 ἱ
116 305 220 399 642,
358 274 958 377 ¹‚arrat'ornrronns¹

104 468 107 475 ⁵
201 496 288 571 Peg.
306 485 377 563 317.
396 484 418 543 l.
439 480 469 546 6.
497 479 580 561 Περὶ
599 475 717 551 αὑτοῖν)
748 480 800 540 Sic
821 480 873 544 FI.
890 477 950 539 Ed.
964 478 1108 555 ‚metius,
1140 496 1212 559 qun

100 564 156 645 'nt
176 580 210 639 in
231 569 358 650 reliquis
380 577 428 627 est
445 561 534 645 ὖιτὲρ.
555 567 676 625 Souna.
706 558 801 646 ’Υπίρ
824 559 941 630 αὐτῶν)
960 563 1091 637 ῐριίισητ
1114 562 1212 623 admit

76 678 79 683 ’
118 677 215 727 terem
235 658 308 736 περῖ
327 674 398 713 cum
414 653 464 712 Fl.
484 653 511 709 si
532 650 636 727 plures
657 647 844 710 addicerent.
886 644 948 708 Sed
975 644 1058 728 άπίρ
1084 646 1212 707 nondur

117 749 227 827 rejicio
249 761 320 801 cum
343 738 475 802 Solane,
496 731 597 813 quiid
618 734 678 810 jam
701 731 831 791 delerat:
860 753 930 791 nam
949 733 1008 793 etsi
1028 731 1161 806 norim,
1183 752 1212 811 qs

117 832 242 893 differat
262 820 340 902 ὑπὲρ
363 830 393 878 et
413 817 504 897 περί,
531 825 633 875 tamen
655 815 766 889 didici,
793 837 883 892 saepe
902 810 981 901 τίπίρ
999 814 1079 895 poni
1089 860 1103 889 ,
1123 816 1183 875 ubi
1204 834 1212 875 t

118 916 192 995 mol
211 912 314 969 locum
333 904 474 975 haberet,
495 921 590 979 aeque
611 921 645 958 ac
670 899 751 977 apud
773 898 903 961 Latinos
923 900 1017 981 super
1037 920 1101 981 pro
1126 900 1168 959 de
1185 920 1212 959 vt

119 1003 223 1068 circo,
249 1001 286 1051 ut
311 987 403 1048 nimis
431 994 540 1043 notum
567 1004 608 1042 ex
636 985 728 1061 Virg.
753 987 832 1046 Aen.
860 986 885 1048 1.
904 982 959 1043 fin.
1000 984 1212 1063 Multa‘sups

111 1084 253 1157 :Priapo
273 1075 434 1151 rogitans,
464 1086 557 1144 super
582 1066 716 1125 Hectore
744 1069 851 1126 resulta.
893 1069 946 1127 Ita·
959 1069 1104 1147 Diogen.
1126 1068 1212 1127 Ιιαὲη

119 1154 309 1235 videturteq'i
330 1152 402 1230 περὶ
419 1151 612 1209 substituisse
633 1143 714 1229 άπίρ
725 1197 735 1225 ,
759 1151 792 1208 in
815 1172 955 1229 prooem.
979 1170 1050 1229 pag.
1073 1152 1111 1213 8.
1132 1150 1212 1228 Segn

122 1266 173 1311 10.
195 1263 240 1322 pr.
266 1232 330 1314 Την
345 1237 378 1300 dl
394 1232 456 1298 tois
472 1232 650 1315 Αἰγυπτίων
670 1234 857 1314 φιλοσοφίαν
875 1232 954 1298 εἶναι
968 1225 1143 1311 totalem,
1165 1256 1212 1314 περ

120 1352 154 1397 τε
172 1321 260 1392 θεοῖν
279 1323 334 1387 ναι*
351 1315 408 1381 dul
449 1313 668 1394 δικαιοσύνης,
692 1319 714 1377 i.
735 1339 763 1381 e.
779 1319 1015 1397 philosophiam
1036 1318 1077 1377 ds
1104 1321 1212 1379 Dite«

118 1412 260 1490 justitia.
284 1406 412 1468 Aeliae.
461 1404 502 1483 11,
523 1406 572 1465 δ’).
586 1423 632 1481 ρτ.
652 1394 833 1482 Ἰσοκράτης
851 1397 1010 1480 ὅῬῆτωρ
1032 1398 1145 1486 tteyev
1158 1397 1212 1465 dut

121 1494 179 1574 τῆς
205 1486 391 1567 Ἀθηναίων
423 1482 555 1559 πόλεως,
591 1481 703 1565 ὁμοίαν
738 1483 906 1561 εἶναιτοῖς
930 1484 1089 1566 ἑταίραις.
1121 1484 1212 1546 Rasa:

120 1581 150 1641 E
173 1579 318 1637 Lucieno
338 1573 407 1645 ipso
432 1568 496 1630 vid.
520 1568 641 1629 Plralar.
664 1569 699 1640 I,
721 1572 843 1635 10.·ubi
863 1579 946 1631 certa
966 1579 1013 1629 est
1034 1579 1070 1631 et
1089 1581 1212 1631 constan

121 1662 227 1727 lectio,
247 1653 324 1721 ἄλλα
343 1651 420 1732 ὑπὲρ
437 1648 513 1734 ι’μοῦ
526 1644 674 1729 άιιηκοοίς.
717 1654 788 1713 Alia
806 1656 873 1716 loca
891 1674 947 1715 suo
967 1661 1124 1734 tempore
1138 1652 1212 1715 Inde

123 1741 342 1824 suppeditabit.
379 1737 513 1797 Facilius
539 1737 644 1816 itaque
672 1737 886 1798 Solimiederus
906 1739 1018 1796 Solans'
1055 1738 1212 1815 judiciot

123 1826 248 1903 Codicis
272 1825 363 1887 1428.
382 1823 518 1903 quicum
532 1823 582 1882 Fl.
595 1820 654 1881 Ed.
672 1820 765 1896 facit,
790 1821 964 1883 auctoritati
980 1821 1161 1883 obsecutus
1182 1842 1211 1881 es

123 1910 198 1994 περὶ
222 1909 383 1990 rejiciens,
419 1904 506 1986 quod
533 1925 574 1965 ex
598 1905 855 1987 interpretatione
878 1905 1011 1968 videtur
1037 1906 1212 1987 prosectuu

122 1997 237 2057 Lanu.

208 2075 291 2138 Eud.
316 2073 339 2145 1.
364 2091 394 2153 9.
430 2064 528 2138 Οὗδέν
548 2063 643 2154 ὖριές)
676 2073 759 2134 Vide
780 2075 894 2142 Iemdl.
914 2071 976 2134 No.
1006 2073 1083 2137 105.
1108 2082 1212 2151 εἴη

124 2163 181 2224 ubi
212 2161 347 2228 fatetur,
369 2156 501 2218 ridicula
521 2157 560 2217 iis
585 2154 704 2237 rideri,
737 2158 791 2241 qui
811 2159 947 2221 rationes
966 2160 1128 2235 mysticae
1149 2160 1212 2241 igno

5 2267 14 2280 ⁶
122 2254 205 2311 rent.
234 2246 356 2306 Souna.-

149 2382 170 2411 ,κ
209 2329 292 2391 Eae.
311 2326 332 2383 L
357 2345 404 2402 τι.
418 2318 508 2407 ''0qu
528 2322 561 2389 dl
581 2318 622 2390 άν
640 2323 798 2406 ξενίζοιμι)
823 2325 904 2386 Ante
926 2324 1097 2407 ξενίζοιμι,
1125 2322 1212 2408 pedit<

123 2410 359 2490 intelligendum
378 2408 578 2489 relinquitur.
607 2409 698 2468 conf.
718 2432 774 2470 nos
794 2432 876 2492 supr.
895 2411 932 2470 ad
947 2411 1037 2473 Dial.
1060 2432 1129 2491 pro
1149 2412 1212 2488 Lep

125 2519 153 2557 c.
178 2513 227 2557 12.
249 2496 362 2569 Quom.
374 2492 458 2553 Hist.
479 2512 571 2568 c.17.
592 2503 624 2551 et
637 2493 723 2555 Phal.
742 2496 767 2569 l,
793 2514 817 2552 1.
838 2496 912 2554 itetn
934 2494 1060 2569 πλείους
1083 2505 1163 2577 post
1175 2487 1211 2559 da

126 2581 273 2656 omissum
294 2597 319 2634 c.
341 2580 369 2634 8.
386 2577 492 2652 ibique
512 2585 629 2639 notata.
657 2578 719 2636 Pro
735 2579 828 2657 Imag.
848 2600 875 2642 c.
898 2598 942 2652 17.
959 2587 1020 2643 etc.
1035 2580 1166 2640 Arsace.
1177 2578 1212 2638 0⁴

126 2663 188 2730 XI,
215 2680 265 2724 11.
301 2653 392 2738 ''Ooqr
412 2657 505 2730 πέλας
526 2652 565 2721 τά
583 2659 712 2740 μοίρης,
743 2669 803 2742 quo
824 2666 928 2741 magis
946 2680 1029 2720 mors
1050 2663 1212 2743 adpropin

127 2758 213 2827 quot.
249 2741 313 2803 Ubi
328 2740 443 2820 μᾶλλον
458 2742 580 2822 quidem
598 2743 793 2822 praecedenti
811 2747 959 2806 orationis
972 2738 1124 2807 memiiro
1148 2766 1212 2829 pres

23 2878 25 2885 ,
125 2831 253 2889 naissum
262 2870 271 2901 ‚
296 2827 394 2886 altero
422 2833 526 2886 temen
552 2827 644 2887 facile
672 2831 885 2908 repetendum.
927 2829 973 2889 lta
1002 2829 1212 2909 empuratin

123 2912 272 2993 adjectivi
298 2920 370 2991 post
396 2903 472 2974 doce
499 2910 715 2987 intelligendus
744 2914 778 2973 in
804 2918 905 2995 Long.
934 2850 1103 2999 Pastqill,
1128 2917 1202 2980 118.

126 2990 217 3077 φωναὶ
238 2991 387 3068 τοςοῦτον
406 2986 539 3060 duodece·
552 2991 694 3079 βράδιον,
714 2989 789 3062 ὅσον
805 2995 940 3079 ἤρξατο,
959 2998 1212 3059 εοηυὲᾶεείοοία

115 3088 215 3142 'tanto
235 3084 335 3137 serius
342 3127 352 3154 ,
378 3080 502 3158 quondo
522 3084 698 3158 inceperat,
720 3085 740 3140 i.
764 3105 790 3146 e.
810 3092 923 3161 quanto
944 3084 1045 3138 serius
1063 3081 1212 3162 inceptu

126 3164 217 3222 Adde
239 3166 397 3241 Hippocr.
420 3163 452 3224 S.
469 3180 500 3231 2.
518 3162 588 3242 aph.
612 3185 658 3227 10.
706 3160 753 3229 Tol
772 3160 818 3247 μνί
838 3156 969 3245 καθαρά
982 3160 1048 3228 τὀἶν
1066 3160 1212 3247 σωμάτα

126 3242 229 3328 ὁνάοομ
252 3241 291 3309 de
312 3246 454 3327 θρέψης,
488 3246 602 3324 μάλλον
630 3240 780 3331 βλάψεις·
801 3252 854 3310 ubi
875 3254 931 3310 etsi
949 3250 1098 3327 sequitur
1117 3248 1212 3333 μᾶλὶο

96 3334 99 3339 ’
126 3341 231 3392 tamen
257 3340 327 3409 post
352 3326 451 3411 ὁκάοῳ
480 3334 574 3391 tacite
597 3334 802 3412 supplendum
828 3334 1036 3414 relinquitur,
1066 3342 1105 3393 et
1125 3336 1212 3395 aiod

126 3417 248 3491 stinguo
268 3413 344 3472 haec
373 3413 540 3492 aphorismi
568 3419 679 3489 verba,
709 3438 772 3476 non
794 3412 912 3478 commu¹
938 3437 1008 3476 cum
1028 3418 1152 3477 Fob'sr‘o
1173 3438 1212 3497 pc

126 3495 243 3580 μάλλον
264 3517 389 3577 ponens.
431 3499 482 3556 sic
504 3509 573 3557 ante
590 3495 611 3577 ἢ
628 3501 859 3578 intelligendum
876 3499 1000 3582 μᾶλλον,
1023 3500 1212 3582 ap.Ales'pd

127 3584 187 3643 ΠΙ.
206 3583 265 3657 Ep.
288 3600 336 3656 70.
361 3602 392 3660 p.
421 3585 492 3640 ίιίιίι.
533 3576 682 3661 Ἀττιιιῆς
710 3584 886 3665 οτῳμολίας
903 3585 956 3650 καὶ
976 3581 1091 3665 ξένης,
1119 3580 1146 3665 οἲ
1162 3610 1212 3653 ναι

127 3660 199 3737 cosle
222 3666 356 3750 χωρίτας
385 3664 509 3728 ἐπαΐων.
537 3667 631 3727 Plura
660 3671 784 3730 Gesner.
813 3670 851 3728 ad
869 3672 936 3731 Jov.
959 3668 1053 3748 Con't'.
1081 3690 1113 3729 ο.
1137 3688 1169 3749 7.
1190 3673 1212 3731 u¹

128 3751 211 3809 inter
233 3750 392 3824 exempla,
423 3771 500 3828 quae
522 3749 639 3825 adfert,
661 3754 852 3832 aptissimum
877 3754 937 3813 hoc
965 3772 1007 3811 ex
1027 3751 1137 3832 ejusd.
1159 3754 1212 3814 Dia

128 3832 186 3894 fin.
214 3826 384 3913 ἕβουίάμην
396 3858 398 3863 ·
411 3828 451 3897 άν
468 3836 520 3896 ἕνα
538 3834 687 3899 τοιοῦτον.
707 3834 788 3920 ἔχειν
802 3833 884 3916 ·-’ἢ
901 3838 1017 3918 μυρίος
1039 3846 1110 3915 μοιΙ
1122 3830 1212 3922 Bardi

130 3912 230 3988 λοῖνας
247 3913 407 3998 ὑπάρχειν.
450 3918 511 3976 Sed
540 3940 600 3997 quo
624 3923 737 3999 plural
763 3942 833 3983 cum
854 3922 1033 4002 posterioris
1048 3920 1152 4003 hujus
1173 3922 1212 3983 ell

129 4002 220 4080 pseos
248 4010 296 4060 tot
322 4004 383 4082 jam
410 3999 598 4080 produxerit
624 4005 801 4064 testimonia
828 4008 868 4071 L,
897 4009 960 4065 Bos
981 4004 1022 4063 de
1042 4004 1212 4087 Etlipei,3

131 4085 206 4165 327.
219 4116 261 4129 -
274 4105 304 4166 9.
344 4084 462 4147 Prioris
489 4096 608 4163 sutem,
635 4099 707 4170 post
725 4082 809 4172 ὅσῳ,
832 4091 961 4152 nullum.
1003 4086 1052 4153 Ut
1073 4098 1212 4155 autent
