2602 4702
210 223 285 295 502
486 212 1146 305 annonarron'usj

210 411 336 493 quentia
357 410 452 493 verba
472 416 504 468 et
523 407 671 469 effectura
691 408 840 484 ingratam
855 405 1070 483 tautologiam.
1110 400 1231 465 contra
1246 390 1298 467 mi

211 520 252 559 τα
267 494 477 577 πιριικλιίιιο,
498 503 554 566 est,
573 497 679 552 omnia
707 492 743 570 (i.
766 512 795 550 e.
815 511 920 549 ornnes
941 491 1063 569 exitus)
1091 488 1291 551 circumda

21 606 26 613 ·
94 564 127 613 Ἰ
193 580 250 655 ,(ἱ.
270 600 299 642 e.
319 576 554 638 difficultatibus
574 577 710 635 exeundi
735 574 941 649 circumdata)
967 589 1076 646 eruni;
1104 573 1214 646 adeo:
1235 579 1278 631 ut

214 662 342 741 quadam
364 661 599 723 vehementiore
620 661 756 721 adhibite
771 656 950 721 Abnueham
969 667 1129 740 oporteret
1147 676 1285 735 erumpe

213 747 408 820 διεκπαῖσαι,
428 754 465 806 ut
484 766 560 803 mox
579 744 706 804 dicitnr.
748 741 851 824 Atque
870 741 949 802 hanc
972 751 1162 824 potestatem·
1187 740 1297 800 circu

215 830 308 895 dandi
327 832 430 891 locum
458 829 595 910 undique
624 829 859 905 difficultatibus
887 827 1025 888 exeundi
1054 826 1169 888 habere
1193 824 1276 885 verb

195 912 395 999 nepaxlei'esr
414 913 549 975 maxime
569 922 634 973 tum
644 960 656 988 ,
675 915 729 978 nbi
752 912 791 972 de
810 913 887 973 locis
908 912 1037 972 munitis
1056 931 1159 971 sermo
1183 917 1255 983 est,
1274 930 1298 971 ιι

98 1034 101 1045 ·
215 1001 332 1063 minem
352 999 443 1060 facile
463 999 553 1076 sugit.
581 999 667 1076 Ergo
688 1019 753 1059 non
774 1006 840 1073 est,
864 996 946 1075 qnod
968 997 1152 1075 corrigatur.
1172 993 1293 1057 Lrnm.

303 1087 391 1165 Peg.
416 1100 484 1160 127.
507 1083 529 1146 l.
558 1084 587 1149 5.
609 1076 818 1158 Διιιιιιαίσας)
845 1078 977 1160 Vulgata
1008 1103 1071 1141 non
1098 1078 1228 1142 videtur
1256 1098 1301 1138 nn

218 1164 329 1233 venda.
373 1167 424 1227 Sic
446 1166 529 1226 enim
548 1167 740 1240 ἒπειςιιαίειν
760 1186 817 1246 pro
839 1165 976 1243 ingredi,
997 1187 1029 1224 se
1049 1165 1228 1232 intrudere,
1250 1163 1288 1221 A

217 1251 319 1332 scopia.
349 1250 442 1312 -Pluu
462 1250 534 1313 804.
553 1254 598 1326 eie
612 1246 669 1329 triv
685 1250 789 1314 ninius
803 1248 1047 1322 intertrimento,
1065 1248 1148 1330 quod
1164 1244 1296 1309 Scholia

219 1334 368 1415 exponit,
388 1328 601 1414 ιῖςειιὴδησιν,
623 1334 775 1413 εἰςῆλθινζ
818 1332 922 1397 Euud.
950 1333 1156 1412 Aristophan.
1184 1326 1247 1392 loe.
1277 1352 1297 1389 a

219 1417 307 1479 ducit
324 1421 465 1500 Bergler.
487 1440 521 1479 ac
537 1421 680 1498 Aleiplrr.
700 1419 758 1482 III.
780 1437 848 1497 pag,
867 1418 939 1478 408.
961 1439 1022 1498 quo
1042 1417 1154 1498 probet
1173 1412 1295 1495 suspici

219 1522 291 1561 nem
314 1522 416 1577 suam,
438 1504 529 1563 etiam
551 1505 585 1563 in
604 1507 741 1568 Lucian.
762 1502 899 1581 Sympos.
922 1498 965 1578 (e,
988 1503 1018 1562 8.
1038 1502 1091 1561 vel
1112 1520 1140 1580 9.
1163 1509 1201 1559 ut
1221 1501 1256 1559 in
1279 1501 1291 1558 i

137 1662 140 1669 Ι
218 1584 304 1648 Dial.
325 1585 516 1659 videbimus)
542 1584 752 1659 ἔπειςὲιιαισιι
772 1585 951 1665 legendum,
981 1605 1039 1664 pro
1051 1604 1055 1609 ’
1068 1585 1195 1662 vulgato
1213 1582 1301 1648 ἕπει

219 1690 324 1735 neore.
365 1670 446 1732 Nam
474 1671 549 1731 lieet
569 1672 725 1736 iuniperis
756 1690 811 1750 pro
830 1671 921 1749 suga
949 1670 1035 1728 elabi
1063 1669 1272 1751 inveniatur,

220 1752 329 1832 Serpit.
349 1754 486 1826 notovit,
508 1755 587 1814 illud
608 1765 711 1815 tamen
732 1752 784 1813 llic
804 1755 906 1814 miuus
927 1762 1033 1832 aptum
1054 1762 1136 1813 esset
1155 1771 1233 1832 prae
1256 1750 1301 1812 el

36 1879 40 1887 ·
140 1912 143 1916 ,
220 1854 279 1911 ro,
300 1838 383 1920 quod
400 1861 599 1919 perrumpere
619 1839 793 1921 significans
820 1837 983 1917 hielonge
1000 1838 1149 1918 majorem
1178 1837 1293 1897 vim

165 1982 169 1992 ,
221 1919 295 1992 bet,
317 1933 349 1983 et
368 1922 539 2003 respondet
558 1925 641 1983 actui
664 1923 805 1992 Aeneae,
826 1929 945 2002 patrem
967 1942 1009 1982 ex
1026 1919 1171 1995 incendio
1193 1920 1297 2002 Troja

221 2001 361 2067 humeris
380 2007 535 2067 sublatum
554 2009 724 2088 eripientis.
766 2005 851 2067 Dum
871 2006 1009 2071 ἐκπεσεῖν
1022 2008 1139 2066 Nostro
1160 2005 1270 2086 potius

223 2092 357 2166 extrudi,
377 2094 465 2166 ejici,
478 2100 522 2150 'ut
541 2112 634 2171 supra
651 2090 745 2153 Alex.
767 2110 795 2155 c.
818 2111 867 2171 19.
888 2100 921 2151 et
939 2090 1053 2152 Abdic.
1073 2109 1103 2156 c.
1127 2107 1153 2152 1.
1173 2088 1227 2151 vel
1249 2110 1301 2151 ex

222 2172 294 2233 dere
314 2188 402 2246 voto,
424 2177 607 2251 exsibilari,
632 2176 720 2254 Nigr.
742 2171 773 2250 §.
794 2194 825 2254 9.
852 2173 966 2238 Ruruz.

248 2284 251 2288 >
306 2259 390 2324 Eud.
410 2259 431 2320 l.
451 2256 482 2322 6.
503 2253 712 2326 Ἀπεκέκαυτο
730 2250 792 2323 sind
814 2257 872 2324 soti
894 2252 1009 2340 nunde)
1035 2257 1145 2318 Potest
1173 2265 1293 2317 uteuu

200 2410 203 2415 ¹
222 2330 358 2419 intelligi
373 2341 448 2401 haee
466 2345 579 2413 lectio,
610 2353 646 2403 ut
667 2344 894 2422 expressimus,
919 2345 1046 2423 juvante
1067 2341 1169 2419 ellipsi
1191 2343 1226 2402 in
1251 2366 1295 2405 seu

222 2416 269 2483 ite
289 2425 460 2505 explenda,
489 2422 557 2490 κατ’
582 2427 678 2490 ἐκεῖνο
699 2421 736 2491 sd
754 2425 864 2507 piper,
899 2420 977 2490 καθ’
1008 2420 1176 2504 ὃμηδέπω
1212 2425 1297 2491 τελεῖ

222 2499 424 2572 incruento.
466 2509 511 2568 Ut
530 2504 734 2592 ιῖιιοτιιχῐζιιν
754 2519 801 2569 est
821 2531 910 2570 muro
931 2509 1123 2583 discludere,
1152 2509 1208 2586 qui
1231 2531 1279 2570 mv

225 2600 430 2651 commentum
449 2587 643 2672 intercipiat:
672 2595 717 2657 sio
743 2588 909 2657 sinonnlm
932 2592 1012 2673 erupi
1042 2591 1300 2669 significaverit·

225 2671 338 2733 cendio
358 2675 532 2737 discludere
551 2685 585 2736 et
601 2696 717 2739 arcere.
749 2677 807 2749 Ast
826 2676 966 2753 viderint
984 2687 1099 2744 tamen,
1121 2676 1176 2756 qni
1194 2686 1286 2754 poss

226 2772 268 2815 mr
295 2776 360 2817 non
389 2759 479 2840 juvet
501 2755 582 2820 liber
609 2761 738 2841 aliquis,
768 2758 830 2842 quo
857 2761 961 2838 legere
987 2761 1080 2821 liceat
1108 2753 1258 2827 ᾰιιικέιιλε
1280 2796 1296 2817 r,

224 2842 378 2902 sententia
394 2842 484 2924 plana
508 2853 541 2904 et
557 2843 738 2924 interpretis
755 2866 819 2905 non
840 2854 960 2924 egente.
981 2846 1034 2905 sic
1055 2845 1148 2904 etiam
1162 2865 1230 2905 nou
1241 2846 1295 2905 ab·

227 2920 283 2984 det
308 2945 423 2987 nomen
449 2926 535 3012 erupi.
598 2927 764 2991 Caeterum
794 2928 834 2989 de
858 2932 955 2992 verbo
979 2927 1154 2996 διεκπαίειν
1173 2927 1295 3009 diligen

183 3058 187 3065 .
227 3008 293 3088 egit
310 3012 436 3077 Ksuter.
456 3013 497 3074 ad
516 3011 679 3094 Aristoph.
693 3012 786 3079 'Plut
807 3015 879 3075 805.
895 3013 1015 3079 Gens.

300 3097 399 3175 Peg.
431 3099 499 3159 128.
526 3098 548 3157 l.
581 3116 628 3159 ιο.
650 3093 838 3179 '‘Aypoenor)
875 3097 1042 3160 Adleverat
1068 3096 1206 3156 Seianus
1230 3092 1294 3157 'nos

110 3259 118 3263 ᾖ
226 3179 453 3241 'conferendum
471 3181 554 3242 infre
574 3184 646 3242 lov.
674 3184 768 3262 Trag.
787 3203 815 3248 e.
836 3179 890 3246 52.
924 3183 975 3243 Ibi
1003 3183 1160 3244 invenies:
1194 3175 1294 3265 370

227 3258 322 3328 τοῦτο
341 3265 484 3345 εἴρηκας,
505 3266 560 3333 καὶ
583 3263 691 3340 δεινοῖς
712 3258 881 3332 Bonitus.
908 3266 1023 3327 Reme.
1067 3265 1163 3325 Color
1182 3277 1291 3341 autem

228 3356 340 3408 natura
360 3349 456 3408 totius
476 3351 539 3410 loci
560 3351 626 3431 ejus
648 3361 694 3412 est
713 3351 845 3431 generis,
866 3346 905 3410 ad
927 3350 1011 3431 quod
1027 3358 1060 3409 et
1079 3350 1137 3408 illa
1151 3349 1251 3411 verbe
1268 3370 1300 3409 ι·

226 3429 392 3492 reserenda
417 3433 515 3497 Diall.
539 3434 637 3497 Morr.
664 3436 730 3509 VI,
758 3452 788 3496 2·
852 3428 978 3501 Οὐκοῦν
1003 3431 1107 3508 ζεῦξον
1136 3425 1177 3499 vd·
1202 3427 1294 3515 ἅρμα

229 3516 403 3585 (Abresckc
415 3527 533 3577 temere
559 3513 579 3595 ἢ
601 3519 645 3586 εἴ)
674 3517 768 3585 τοῦτο
789 3516 847 3601 μὲν
865 3513 982 3597 nuileio
999 3515 1060 3601 ἔχει
1082 3510 1139 3595 sris
1162 3519 1295 3601 διαιριθ

228 3592 360 3696 ιξπᾶγειι
373 3594 446 3674 andr
464 3608 581 3677 innova
597 3599 639 3686 τῇ
654 3597 758 3689 ζεύγλῃ
766 3648 777 3677 ,
796 3603 850 3669 nul
863 3597 901 3669 so*
915 3601 1001 3686 ἅρμα
1016 3598 1238 3675 interemistis(
1254 3596 1297 3667 oti

232 3680 311 3746 niis?
337 3679 460 3767 δελφῖνά
478 3712 534 3768 μοι
559 3696 619 3746 etc.
670 3691 773 3770 Iunge
795 3688 900 3768 itaque
921 3709 1064 3748 currum:
1090 3701 1149 3759 nui
1170 3708 1268 3768 quum

231 3767 360 3847 longum
388 3773 504 3831 liabent
532 3788 650 3832 moram
679 3804 723 3819 —·
749 3804 792 3817 -
819 3772 1005 3851 delphinum
1037 3775 1149 3850 potins
1177 3770 1261 3829 miii·
1295 3798 1301 3819 ι

229 3848 289 3910 Est
307 3852 427 3915 scilicet
444 3849 468 3933 ἢ
488 3856 581 3933 illud,
604 3856 687 3938 qnod
708 3855 861 3936 signifieat
884 3857 1069 3935 enepotius
1096 3864 1130 3914 et
1158 3854 1296 3933 corrige

229 3953 265 3993 se
283 3934 387 4014 ipsum
409 3956 474 3999 esse
493 3942 581 4003 solet
623 3942 771 4020 iungitur
799 3951 905 4002 antem
931 3939 1049 3999 duabus
1077 3934 1301 3999 enuntiationi

114 4106 118 4111 Ι
233 4022 452 4100 sequentibus,
475 4046 604 4105 quarum
622 4027 710 4108 prior
730 4045 787 4106 per
806 4023 875 4108 μὲν,
893 4025 989 4088 altera
1008 4043 1066 4104 per
1087 4021 1121 4089 il
1136 4021 1273 4095 inlliwi
