2602 4702
56 302 58 306 ,
148 238 225 314 422
423 217 1027 361 a'nuosar'ronus'

149 436 223 493 runt
244 427 295 509 qut
308 385 523 490 tradiderunt
549 416 632 485 Alii
650 404 857 524 Ephesiorum
879 420 1031 485 coloniam
1060 440 1127 485 esse
1147 416 1266 483 votus·-

149 521 235 576 runt.
278 511 401 593 Curiosi
437 510 653 589 antiquitatum
682 511 850 589 inquirant
891 506 926 568 in
960 507 1116 568 neminem
1151 506 1266 583 incidi,

151 598 204 678 qui
225 594 301 655 heeo
327 596 478 659 mactarit
510 595 630 659 soma
672 592 716 650 Et
737 595 809 651 Bel
796 614 870 652 ιιιιιι
892 593 1160 673 Wielandiu'sqae
1189 613 1266 653 eum

54 678 58 703 ‘
122 682 265 739 'Salano
285 678 466 751 haeserunt,
493 677 608 736 nodum
632 676 788 756 quidem
778 698 812 735 m
840 677 945 756 scirpo
971 683 1170 756 quaerentes,
1212 674 1267 741 vel

83 818 87 831 ,
150 782 225 844 prae
245 761 406 822 arboribus
427 722 536 820 siivam
555 781 617 820 non
637 761 788 835 videntes,
808 760 1058 844 quandoquidem
1079 780 1143 819 uon
1164 766 1267 840 pote-

150 857 221 909 raut
239 849 378 916 nescire,
401 845 564 924 Smyrnam
583 845 680 904 fuisse
700 846 851 904 coloniam
873 838 1026 917 Ioniam,
1046 842 1205 905 conditam
1224 843 1267 904 ιΙ

36 940 39 948 '
149 931 210 991 lam
232 951 304 989 cum
322 930 433 988 ceteris
450 951 522 1005 orae
542 930 696 989 Asiaticae
718 929 801 988 circa
803 925 922 988 ¹Codri
942 937 1084 1009 tempora
1103 928 1141 988 ab
1171 928 1266 989 Ioni-

149 1015 228 1085 bus,
251 1000 304 1095 qiri
324 1034 365 1072 ex
382 1012 486 1072 Attica
506 1009 581 1072 illuc
603 1013 859 1090 demigraverant.
902 1013 955 1072 Sic
973 1014 1101 1072 omuino
1121 1011 1266 1075 Penthea

108 1116 111 1123 ·
149 1099 344 1193 Smyrnensis
372 1096 598 1177 quodammodo
626 1098 734 1158 saltem
753 1130 795 1147 —
810 1119 881 1158 nam
896 1097 1043 1179 amplius
1061 1094 1141 1155 nihil
1161 1097 1267 1157 urba·-

45 1214 48 1219 ·
148 1182 234 1241 nitas
261 1181 396 1240 auctoris
429 1182 565 1242 voluisse
599 1181 784 1243 videtnr-
783 1182 885 1285 nivis⁸
896 1168 1021 1241 Attiou
1055 1178 1119 1240 diei
1146 1183 1266 1261 potuit,

147 1265 324 1348 μιιέχιιυσα
353 1262 414 1328 τῶν
442 1259 650 1342 Αθηναλων
647 1260 743 1332 κατιῖ
776 1259 835 1345 τῶν
863 1259 1020 1331 annanias.
1076 1263 1145 1343 Nec
1172 1264 1267 1331 aliter

150 1351 305 1425 fortassis,
326 1359 363 1408 ut
383 1348 442 1408 hoo
465 1352 568 1411 obiter
587 1360 724 1428 tangam,
743 1351 915 1411 Homerum
947 1351 1185 1429 smyrnensem,
1210 1349 1266 1409 vel

149 1443 234 1494 certa
262 1435 388 1508 Ionem,
420 1432 624 1493 Athenienses
652 1435 712 1494 sibi
733 1434 932 1495 vindicarunt
957 1433 1172 1514 popuiarem,
1198 1453 1266 1492 uon

119 1572 123 1579 .
150 1516 276 1597 quidem
298 1516 443 1579 adversus
463 1517 581 1578 lones
572 1539 654 1598 ipsos
677 1519 849 1587 Asiaticos,
870 1517 924 1578 sed
945 1516 1091 1577 adversus
1111 1515 1265 1577 finitimos

149 1601 211 1661 sibi
232 1603 385 1674 Graecos,
413 1603 524 1683 quibus
543 1624 606 1663 non
627 1613 690 1663 tam
712 1603 751 1663 de
778 1589 879 1683 patria
901 1601 1064 1662 Homeri
1054 1619 1138 1687 ipsa,
1169 1606 1265 1701 quam

149 1684 189 1744 de
206 1687 477 1769 propinquitate
461 1689 582 1746 ceneris
605 1688 644 1747 lis
663 1688 762 1747 fuisse
781 1688 915 1750 videtur.
936 1684 1045 1745 Lanu.

132 1786 135 1793 ·
232 1773 391 1850 Pag.19
383 1772 432 1834 l
455 1788 484 1830 2
506 1773 573 1833 Καὶ
591 1770 758 1878 γραφικῶς
775 1771 909 1850 συντιλ.)
931 1767 1074 1830 Obscura
1092 1777 1126 1829 et
1143 1768 1264 1831 insulsa

148 1861 197 1912 est
215 1855 319 1914 versio
342 1853 454 1914 horum
473 1857 661 1927 verborum,
684 1851 782 1934 ἦττον
799 1851 862 1939 γῶρ
881 1853 995 1927 τοῦτο,
1021 1854 1078 1918 καῖ
1096 1850 1265 1955 γραφικῶς

147 1938 369 2015 συνιιλισθέν,
391 1933 488 2017 κῶλλη
509 1938 658 2017 τοςαῶτα,
678 1965 731 2005 και
723 1941 913 2014 πολυειδές
933 1966 965 2004 τι
963 1938 1017 2003 ἐκ
1037 1932 1203 2002 πολλῶν
1180 1962 1265 2004 απο-

25 2088 30 2097 ,
118 2028 120 2033 “
146 2020 238 2086 τελεῖν
265 2018 344 2087 aristi
368 2019 456 2106 αὐτῷ
484 2019 784 2108 ιιῖνθαιιιλλῶμινον,
812 2025 871 2085 hoo
898 2029 981 2085 enim
1004 2024 1146 2100 perexile
1172 2035 1263 2092 esset,

146 2118 179 2165 et
198 2127 280 2165 more
296 2108 471 2209 graphica
475 2110 669 2181 absolutam,
691 2123 736 2170 ιοι
751 2113 885 2191 formas,
907 2122 938 2169 ei
958 2130 1009 2166 ιιιιι
1011 2108 1149 2188 liifarme
1165 2107 1262 2188 quid·

102 2221 105 2229 ι
146 2189 238 2290 dam,
260 2194 413 2270 sibiipsi
439 2194 628 2262 adversans,
653 2218 691 2254 ex
717 2216 768 2251 ιιια
770 2196 824 2253 λιιι
847 2194 1010 2273 perficere.
1056 2192 1140 2250 Haeo
1168 2191 1264 2251 latina

147 2276 217 2354 quis
235 2284 329 2349 sanus
347 2277 523 2355 intelligat?
547 2278 635 2353 Quid
655 2288 702 2338 est
722 2299 804 2337 more
822 2277 1014 2358 graphice?
1037 2276 1138 2336 Verte
1159 2283 1262 2334 totum

146 2354 269 2418 iocum:
291 2363 363 2418 Hae
382 2363 466 2418 enim
484 2364 622 2438 perexile
648 2377 744 2431 esset,
773 2374 804 2420 ei
829 2383 910 2420 mare
931 2363 1092 2441 pictorum
1117 2348 1262 2437 sactum

146 2440 303 2520 (seilicet
303 2464 397 2501 unam
415 2464 482 2502 rem
504 2444 666 2524 pulchram
688 2467 729 2505 ex
750 2445 845 2505 variis
866 2446 959 2506 rebus
978 2443 1194 2541 compositam,
1214 2441 1263 2503 uti

145 2527 182 2585 in
197 2528 393 2606 καλλιφωνία
415 2537 481 2585 erat
508 2529 653 2603 sactum,-
650 2550 728 2589 neo
756 2530 848 2588 aliter
874 2537 1004 2609 possunt
1029 2528 1165 2607 pictores
1185 2527 1262 2607 pul·

148 2607 362 2668 ohritudinem
384 2611 564 2689 ostendere)
592 2625 685 2672 tanta
710 2613 865 2691 pulchra,
894 2627 925 2673 et
952 2613 1143 2692 multiforme
1165 2610 1262 2691 quid-

146 2694 233 2768 dam,
253 2695 345 2774 quod
359 2715 469 2752 seeum
481 2698 560 2776 ipse
570 2711 679 2774 certat,
700 2697 820 2775 (utrum
840 2697 962 2757 scilieet
981 2697 1080 2755 altero
1100 2694 1263 2774 pulchrius

148 2775 209 2853 sit)
230 2798 280 2836 ια
289 2779 397 2836 multis
410 2781 580 2857 perficere,
603 2742 723 2841 scilicet
743 2782 877 2842 decrevi.
923 2783 1024 2850 'I'otus
1040 2779 1173 2878 lopus
1147 2799 1195 2839 ιιι
1213 2786 1264 2841 ιιι

103 2854 432 2965 Ιίιιιιιριιιιςιιιᾶιιιι
467 2859 587 2928 Σκόπει
616 2864 649 2929 δὲ
675 2859 713 2942 δη
740 2865 794 2928 καλ
822 2860 880 2938 τῶς
907 2862 1013 2938 ἄλλας.
1042 2857 1080 2929 usi
1107 2886 1168 2946 γαρ
1139 2858 1264 2967 piar

146 2938 250 3049 ῶςπιρ
278 2940 319 3009 oti
335 2941 432 3024 δη’
415 2971 451 3010 ιιι
480 2946 586 3012 non
559 2975 602 3013 ων
630 2951 758 3039 ovidae
783 2950 933 3025 ἐπιδεῖξαι
966 2947 1135 3047 διέγνωκα,
1165 2972 1264 3025 mter

147 3024 210 3115 γῶρ
236 3029 347 3106 τοῦτο,
381 3032 438 3096 καὶ
462 3033 623 3135 γραφικῶς
649 3022 866 3112 συντελεσθὲν,
896 3029 992 3110 κάλλη
1023 3031 1180 3109 τοςαῦτα,
1210 3032 1265 3098 sat

148 3115 309 3191 antorides
329 3142 362 3182 τι
383 3116 419 3181 ἐκ
440 3116 562 3183 πολλῶν
581 3114 737 3185 ἀποτελεῖν
765 3114 854 3189 αὐτο
868 3117 953 3202 αῶιῳ
942 3111 1264 3225 “ῶνθαμιλλῶμινι)ν

147 3200 213 3259 Ista
239 3204 334 3261 'verba
364 3204 451 3283 quasi
477 3205 511 3262 in
531 3203 709 3283 parenthesi
728 3206 831 3305 posita
850 3212 940 3281 sunt,
968 3197 1065 3280 ἦττον
1084 3195 1146 3283 peip
1166 3198 1264 3266 τοῦτο

148 3285 203 3349 καὶ
226 3284 387 3367 γραφικῶς
421 3285 634 3351 συντελισθὲν.
677 3283 833 3370 Γράφειν
851 3296 914 3362 est,
949 3288 1099 3368 pingeres
1132 3286 1266 3368 γρὰφιῖς

148 3371 308 3448 pictores,
336 3368 500 3453 γραφικῶς
519 3392 606 3432 more
627 3373 801 3452 pictorum,
829 3373 950 3453 quoties
968 3373 1002 3430 in
1018 3369 1080 3430 hoe
1098 3371 1167 3450 ipso
1192 3370 1265 3429 dia-

149 3453 223 3532 logo
248 3455 405 3530 leguntur.
447 3457 498 3513 Sia
527 3466 560 3515 et
580 3458 702 3515 Latinis
723 3457 862 3517 scrihere
884 3468 931 3515 est
946 3459 1090 3535 pingere.
1115 3454 1239 3516 Ptin:
1226 3465 1289 3525 ιιι,

150 3547 201 3616 ep.
220 3542 376 3616 imagines
394 3541 611 3599 exscribendas
624 3543 875 3621 pingendasque.
896 3541 1085 3599 Martialis.
1105 3542 1265 3619 serapium

150 3623 307 3680 testudine
327 3627 448 3703 sigma,
471 3622 531 3683 hoc
551 3633 616 3694 est,
647 3625 776 3703 pictum.
817 3624 879 3682 Sed
907 3618 996 3687 ῶνθα
1022 3619 1189 3696 ιλλῶσθαι,
1216 3631 1265 3683 est

149 3713 272 3764 certare
299 3726 370 3767 aum
399 3707 596 3776 adversario,
625 3718 658 3767 et
687 3708 772 3768 side
798 3649 1045 3788 pluribus,1d⁴
1019 3710 1102 3767 citur
1122 3707 1209 3766 iuter
1230 3726 1266 3766 se

152 3797 286 3851 certare
327 3785 538 3871 Λνθῶμιλλος
567 3801 616 3851 est
641 3793 796 3867 aemulus,
832 3793 887 3894 qui
914 3804 987 3853 eum
1019 3792 1141 3885 aliquo
1153 3798 1265 3851 certat.

151 3870 213 3932 Μι.
235 3871 286 3931 hie
308 3895 371 3935 non
392 3876 500 3952 audio,
528 3876 581 3955 qui
603 3897 659 3974 pro
685 3869 974 3957 ῶνθαμιιλῶμιιαν·
969 3876 1108 3935 scribit
1116 3864 1268 3956 dedunt·

152 3948 305 4037 μῶμικον.
327 3960 454 4022 Gaias.
497 3961 609 4021 Officio
637 3961 845 4041 interpretum
873 3960 1108 4021 obscurissimus
1135 3964 1185 4018 est
1210 3957 1273 4019 hie.

152 4041 259 4109 locus,
281 4047 308 4102 si
326 4046 484 4125 qnisquam
502 4048 535 4106 in
555 4053 626 4106 toto
646 4048 802 4109 Lucieno.
842 4044 937 4106 Nam
943 4040 1265 4126 praeterquamquod
