2602 4702
159 272 238 346 iffi
436 279 998 337 aosoaartosas
1122 260 1140 275 '

163 460 275 541 Apost.
293 452 402 529 XVII,
426 450 477 514 ab.
499 448 568 529 (qui
588 448 671 510 idem
693 450 814 513 duobus
833 446 897 511 sslts
915 450 993 511 locis
1015 449 1179 530 prioribus
1199 470 1283 532 pro-

163 544 241 624 bat.)
267 544 346 603 Item
372 540 487 611 Wolfii·
507 555 607 603 cineas,
628 535 667 591 ad
686 535 804 615 Eyaug.
823 536 915 595 loan.
936 537 961 612 Ι,
985 539 1035 602 13.
1056 537 1155 597 Plura
1177 536 1285 597 adde-

163 650 248 705 rem,
266 628 328 685 nisi
348 644 398 685 res
419 623 502 682 soret
522 628 604 680 nota.
632 618 750 678 Ra'rrz.
1186 648 1190 653 -

246 714 333 789 Pug.
355 725 424 782 117.
444 705 466 763 l·
488 722 518 780 9.
538 697 696 766 'Ere'lsotu
715 703 764 780 ἐκ)
784 700 921 763 Sabaudi
941 692 1025 767 ddo'r.
1058 696 1114 778 Ἐς
1136 695 1284 783 (Dodona-

163 796 217 861 luv
238 790 365 865 lrdlsor,
387 787 582 849 Pharsalum
598 792 751 865 pervenit.
795 786 935 864 Thucyd.
956 784 1030 863 (IV,
1054 782 1121 868 78.)
1145 788 1289 849 Gurza.

162 879 253 941 Adde
273 880 425 937 Nostrum
445 872 528 932 Tim.
556 866 588 951 §.
617 886 668 937 12.
687 869 781 936 τελεῖν
800 870 855 934 ἐπὶ
880 863 917 935 sd
937 870 1049 953 τέρμα.
1088 870 1136 932 Et
1161 870 1284 953 passim

161 964 247 1028 alibi.
271 962 388 1021 Reuz.
1175 1018 1186 1031 .

245 1043 411 1147 Papum&
433 1040 457 1105 l.
481 1060 509 1103 1.
523 1030 643 1119 Ὧςπερ
665 1032 706 1102 clv
726 1035 749 1117 ἦ
768 1031 931 1119 ἆρεςτεροῖ)
951 1040 1003 1097 An
1023 1032 1127 1121 ὥςπερ
1147 1032 1193 1103 ἄν
1210 1033 1284 1117 εἷῆ

52 1175 58 1191 ,
163 1126 313 1212 &praepa
338 1135 398 1188 etc.
428 1124 558 1185 Gaura.
600 1122 714 1202 Guyetr'
735 1122 923 1201 diligentiam
945 1122 1133 1202 sequendam
1154 1124 1284 1203 putavi.

161 1212 223 1279 *Au
243 1233 308 1271 non
329 1209 518 1288 Coniunctio
539 1217 740 1285 compotem,
770 1216 918 1286 sequente
947 1207 1118 1286 optativo,
1149 1208 1210 1267 sed
1236 1216 1285 1291 est

96 1326 100 1333 ·
163 1296 334 1369 Particula,
355 1314 426 1352 cum
447 1286 548 1373 ὥςπερ
569 1301 654 1350 arcte
674 1293 855 1373 conjuncta:
881 1292 1014 1369 perinde
1028 1292 1126 1370 sorte.
1176 1289 1283 1353 Desi-

164 1382 292 1443 deratur
312 1386 415 1437 autem
434 1385 517 1436 auno
538 1376 726 1456 conjunctio
748 1376 794 1450 εἰ,
817 1395 895 1457 quae
916 1393 934 1434 a
954 1381 1103 1456 sequente
1123 1392 1211 1437 voce
1232 1374 1284 1437 sa-

165 1464 233 1526 c‘ile'
246 1462 404 1523 absorberi
425 1460 538 1540 potuit.
565 1460 676 1524 Lrnm.
1139 1478 1147 1487 ·

208 1576 215 1591 ·
248 1546 330 1609 Eud.
360 1545 384 1605 l.
418 1547 466 1607 13.
495 1539 647 1624 Εὐβίοτος
673 1537 711 1608 οὗ
735 1536 817 1625 μετ’)
852 1541 1029 1603 Delendum
1061 1538 1200 1604 videtur
1236 1538 1283 1611 od.

47 1640 49 1655 '
134 1630 138 1641 “
165 1628 295 1693 Gerra.
325 1626 417 1689 Certe
438 1625 623 1688 alterutrum
648 1629 823 1688 necessario
840 1625 1020 1687 delendum:
1039 1624 1151 1686 eodem
1175 1635 1285 1690 tumen

163 1708 258 1791 redit,
277 1734 352 1774 num
371 1706 437 1792 μετ’
456 1707 494 1776 οὐ
513 1707 593 1778 πολι]
614 1713 695 1790 legas
715 1733 785 1799 cum
795 1713 868 1770 Bas.
888 1731 928 1770 an
947 1705 985 1775 οὐ
1001 1702 1081 1790 μετα
1096 1703 1187 1778 asold
1210 1733 1283 1777 oum

163 1802 213 1861 Fl.
233 1818 324 1880 quam
345 1797 443 1857 secuti
462 1818 565 1856 sumus
585 1804 623 1855 ut
642 1797 857 1876 antiquiorem.
884 1794 999 1853 Rrrrz.
1095 1848 1101 1867 ,

226 1882 331 1944 .Ead.
351 1882 375 1944 l.
396 1882 444 1945 14.
468 1875 516 1947 ol
533 1876 612 1961 uara?
630 1874 723 1952 nolti)
744 1881 795 1940 Sic
816 1880 867 1941 Pl.
881 1878 1034 1959 Reliquae
1051 1874 1134 1938 Edd.
1157 1888 1198 1941 et
1216 1880 1285 1963 ipse

46 1972 49 1979 '
163 1964 199 2026 P.
220 1960 260 2030 od
279 1960 344 2045 μετ’
364 1958 402 2030 οὔ
420 1959 507 2028 πολύ·
528 1966 589 2025 nisi
607 1962 692 2046 quod
712 1966 752 2025 B.
773 1982 805 2027 2.
824 1956 891 2045 μετ’
905 1956 942 2027 οὗ
957 1955 1037 2027 uoti
1051 1960 1184 2041 habeat,
1199 1964 1284 2049 quod

164 2052 333 2132 genuinum
355 2070 476 2112 censeo.
506 2051 630 2113 Sonitu.
1035 2084 1039 2094 ι

150 2168 219 2280 cu
247 2137 336 2223 Peg.
364 2154 434 2216 119·
462 2133 484 2194 1.
515 2136 546 2197 5.
577 2126 781 2210 Advorslsic)
824 2131 898 2192 Suis
931 2128 1085 2192 summus
1116 2135 1286 2207 uiuentes:

189 2242 192 2247 ·
220 2238 295 2279 aar.

170 2296 180 2315 ¹
249 2301 332 2361 Ead-
353 2300 376 2364 l.
399 2319 428 2384 9.
448 2300 505 2376 Εἰς
521 2296 576 2368 du'o
596 2296 738 2381 διεκόπη)
764 2290 854 2361 Hatio
878 2297 1004 2380 phrasin
1027 2298 1142 2381 probat
1169 2310 1283 2364 contu

167 2386 357 2448 Gatakerum
366 2386 517 2448 Elsnerus
537 2387 575 2446 ad
596 2390 713 2464 Evang.
734 2388 839 2450 Marc.
862 2386 946 2458 XV,
967 2386 1017 2444 38.
1037 2385 1093 2444 ubi
1114 2382 1281 2457 habemur,

166 2470 221 2536 saul
238 2461 273 2532 td
292 2466 517 2550 καταπέτασμα
533 2469 591 2551 rod
612 2469 691 2533 ναοῦ
710 2468 844 2551 ἕσχίσθη
873 2471 915 2542 εἰς
934 2461 999 2532 δύο.
1040 2468 1084 2527 Et
1116 2466 1183 2529 hoc
1210 2474 1282 2531 Lu-

168 2556 277 2626 ciaai',
298 2554 373 2611 item
395 2554 454 2610 alia
476 2574 517 2612 ex
537 2554 633 2634 ejusd.
652 2554 734 2611 Diel.
754 2556 883 2618 Meretr.
910 2554 999 2612 ΧΙΙΙ.
1029 2558 1103 2631 post
1130 2554 1220 2621 med.
1250 2564 1282 2615 et

85 2650 89 2658 '
166 2638 264 2695 Deos.
284 2636 368 2694 Dial.
388 2632 475 2701 VIII.
500 2659 545 2715 pr.
575 2640 653 2697 Item
673 2637 815 2717 Sympos.
834 2656 861 2697 c.
884 2636 936 2698 ta.
957 2636 1012 2695 ubi
1034 2637 1124 2700 daila
1141 2634 1183 2701 td
1199 2662 1282 2721 xpu-

167 2720 237 2783 vlov
253 2750 295 2762 —
312 2742 345 2791 ες
365 2718 420 2784 duo
440 2720 630 2798 videbimus,
658 2721 735 2781 item
765 2741 806 2780 ex
826 2718 993 2782 Demostls.
1014 2718 1095 2783 Phil.
1118 2718 1180 2782 IV.
1214 2736 1280 2803 pag.

167 2807 219 2864 58.
247 2802 401 2863 Necnon
424 2806 537 2879 Polyb.
556 2804 592 2865 L.
614 2824 642 2865 2.
665 2826 691 2864 c·
719 2802 765 2868 16.
787 2802 892 2881 addit,
915 2802 968 2885 qui
989 2803 1121 2884 plenius,
1143 2804 1282 2889 σχίζεται

167 2889 212 2961 εἷς
231 2879 287 2950 alo
308 2882 388 2967 μ’ἕρη
408 2889 459 2951 ait.
501 2888 564 2950 Sed
582 2899 618 2949 ut
638 2888 716 2972 μέρη
736 2910 825 2970 saepe
846 2889 932 2947 abest
952 2889 985 2953 in
1006 2885 1063 2945 hac
1083 2897 1113 2946 et
1136 2890 1209 2950 aliis
1229 2892 1281 2963 lo·

168 2971 364 3048 notionibus,
390 2969 445 3048 (de
477 2994 537 3054 qua
557 2974 654 3054 ellips.
676 2974 738 3034 vid.
759 2976 798 3034 L.
820 2974 882 3032 Bos
908 2973 958 3034 lit.
981 2966 1040 3047 M.)
1069 2971 1115 3029 ita
1139 2974 1282 3053 abundat

169 3056 262 3124 alibi,
293 3065 331 3115 ut
358 3077 407 3136 ap.
435 3055 579 3137 Alciplsr.
607 3060 664 3122 III.
685 3059 785 3138 Epist.
807 3058 857 3118 54.
876 3077 921 3135 pr.
942 3050 964 3133 ἢ
984 3051 1052 3128 acic
1071 3047 1110 3118 sd
1129 3049 1282 3143 ἄνθηρδν

170 3137 264 3205 τοῦτο
285 3142 327 3212 εἷς
346 3140 425 3220 μέρη
442 3138 635 3229 κατεῤῥωγδς
651 3136 775 3223 ἱμάτιον
796 3140 884 3224 popei
892 3167 903 3217 ;
929 3140 1044 3198 Rumz·

253 3226 340 3304 Peg.
364 3243 432 3283 120.
456 3224 478 3287 l.
500 3243 530 3288 2.
548 3225 796 3307 Πυρακτωθεῖς)
818 3220 1067 3303 corrupta-haud
1082 3221 1181 3286 dubie
1198 3246 1280 3305 νοις

169 3306 259 3387 cujus
280 3310 434 3385 posterior
450 3330 520 3389 pars
544 3311 681 3391 τρωθεῖς
698 3312 769 3371 suit.
811 3310 1038 3388 Sed'quaenam
1051 3306 1110 3366 alia
1131 3328 1202 3372 vox
1222 3312 1299 3373 sub·

167 3413 302 3472 πυρακτ.
326 3384 430 3467 lateat,
446 3394 512 3452 sine
535 3394 683 3455 Codicum
702 3415 760 3474 ope
781 3414 883 3454 mcum
902 3391 954 3450 hic
973 3389 1113 3450 divinare
1134 3410 1204 3475 nom
1225 3402 1282 3461 est.

168 3476 287 3533 Forsan
305 3483 426 3534 tantum
454 3483 695 3560 παρατρωθεῖς,
721 3477 827 3537 forsan
851 3474 1070 3556 κατατρωθεῖς
1096 3476 1281 3557 scripserat.

169 3560 208 3618 In
228 3558 315 3617 libris
338 3558 417 3619 nihil
438 3562 576 3624 subsidii.
604 3566 721 3622 Somou.
763 3561 806 3620 Et
834 3561 974 3621 Jacobsr’i
1000 3559 1161 3636 ingenium
1182 3583 1282 3627 exer-

105 3630 112 3645 ³
170 3641 237 3700 cuit
264 3663 298 3699 se
325 3644 528 3720 excogitando
560 3647 613 3708 vel
641 3638 787 3730 airpolstsqt
817 3647 861 3716 εἷς
889 3668 917 3707 τ.
945 3667 977 3724 μ.
1011 3643 1059 3720 (in
1086 3644 1281 3717 Animadvv.

171 3724 302 3802 Speeim.
323 3746 354 3805 p.
378 3730 443 3803 18.)
470 3729 521 3787 vel
552 3723 680 3815 σιύρακι
708 3729 843 3811 spudela
873 3729 921 3802 (in
951 3730 1081 3805 Person.
1109 3728 1280 3807 Adverss.)

170 3806 290 3867 Verum
311 3831 406 3890 quum
426 3814 510 3871 nulla
529 3812 570 3873 eir
590 3826 678 3894 parte
695 3816 767 3873 satis
785 3832 892 3888 magna
917 3812 958 3869 sit
978 3809 1163 3887 suspicionis
1184 3834 1278 3877 cam.

170 3911 212 3963 sa,
233 3913 290 3951 nec
311 3895 408 3954 ullum
428 3899 622 3976 corruptelae
643 3899 809 3975 vestigium
831 3893 1092 3975 deprehendatur:
1115 3903 1206 3959 tanto
1222 3902 1278 3962 ‘lu-

171 3976 329 4051 bentibus,
352 3988 466 4056 quanto
486 3983 587 4040 rarius
608 3985 806 4051 vocabulum,
828 3979 977 4039 tuendum
995 3988 1089 4058 puto;
1112 3981 1278 4060 explican-

54 4108 58 4115 .
169 4057 245 4120 dum
263 4069 366 4120 autem
386 4060 428 4121 ita
436 4106 452 4145 ³.
478 4074 514 4124 ut
544 4069 728 4128 Welandio
748 4066 864 4148 placuit
889 4060 968 4122 duce
986 4060 1103 4155 optimo
1128 4064 1277 4134 Gasnaro.
