2602 4702
143 266 219 340 470
322 268 978 345 'aauuorsrrouss

145 451 176 513 Ii
192 470 265 511 suos
282 448 481 530 praefectos
469 471 503 508 m
522 448 663 524 regiones
681 445 741 507 sibi
762 446 913 527 subjectas
932 445 1112 518 mittebant,
1139 456 1176 508 et
1194 441 1261 531 ‹ip-

146 529 261 618 μοοτοῖς
280 555 332 594 eos
351 536 510 593 v-ocabant
552 535 597 590 At
627 533 714 604 Asia,
741 530 779 590 de
810 554 869 610 qua
896 531 949 590 hic
974 552 1092 606 sermo,
1119 542 1153 590 et
1175 553 1261 613 quae

146 630 287 699 tempore
307 619 437 676 Luciaui
459 627 489 674 et
515 615 608 694 hujus
629 617 752 692 Dialogi
780 619 837 675 sub
865 617 1013 675 Romanis
1041 624 1126 689 erut,
1152 625 1196 675 ut
1223 617 1260 679 iu

146 704 214 785 ipso
234 702 366 779 Dialogo
386 710 489 780 patet,
505 699 730 778 proconsularis
750 710 815 758 erat
835 701 1005 800 provincia,
1024 707 1057 757 et
1074 721 1090 758 a
1113 718 1260 776 procon-

70 776 75 793 ’
146 786 214 845 sule
232 787 410 864 regebatur,
434 784 486 863 qui
508 783 635 842 Graecis
657 783 818 842 dicebatur
836 776 1032 856 traducere.
1073 783 1259 846 Tentsbsm

106 926 110 935 ,
147 870 230 929 hunc
252 869 366 928 nodum
385 868 522 934 solvere,
553 875 584 925 et
609 867 765 934 dicebam,
793 867 878 926 sorte
900 871 1081 927 Luciannm
1108 887 1258 929 servasse

148 953 312 1026 decorum,
334 961 365 1010 et
388 971 459 1010 cum
478 951 674 1030 Mnesippum
694 951 850 1010 Laconem
877 950 1090 1010 introduceret
1114 948 1260 1031 loquen-

146 1047 227 1110 tem,
248 1057 318 1094 eum
340 1035 378 1094 de
400 1034 552 1093 industria
569 1057 631 1093 non
653 1042 761 1093 exacte
787 1036 954 1116 ῥωμαΐζεια
976 1035 1095 1108 secere,
1125 1043 1158 1093 et
1189 1054 1258 1096 non

40 1148 45 1159 ·
140 1121 317 1200 'perlectam
343 1119 482 1177 notitiam
511 1119 721 1178 Romanorum
751 1120 979 1195 magistratuum
1007 1117 1174 1178 habentem
1202 1120 1261 1178 in-

149 1205 283 1263 duxisse.
326 1202 404 1276 Sed,
434 1211 595 1261 utverum
617 1203 731 1276 fatear,
760 1202 792 1259 id
814 1223 875 1261 non
897 1200 973 1260 mihi
995 1200 1156 1276 satisfacit3
1180 1214 1258 1263 unm

147 1307 206 1345 nec
226 1288 260 1345 in
279 1295 343 1344 tota
364 1287 511 1345 orationis
526 1288 605 1345 serie
626 1287 725 1344 utitur
745 1286 803 1345 alia
822 1305 909 1359 voce,
930 1306 1007 1364 quae
1029 1286 1259 1347 Laconismum

59 1434 62 1441 ,
148 1370 301 1440 redoleat,
329 1390 386 1427 nec
410 1369 510 1448 ipsum
531 1391 643 1429 nomen
666 1364 855 1444 Μνήσιππος
876 1370 1000 1427 videtur
1020 1389 1085 1427 esse
1105 1371 1259 1447 Lacunis,

143 1452 203 1513 sed
225 1448 420 1551 Μνάσιππος
441 1454 603 1512 dicendum
632 1455 753 1513 suisset.
795 1455 878 1512 Tum
910 1463 942 1512 et
969 1453 1051 1510 iussa
1079 1451 1118 1510 de
1144 1454 1259 1515 Morte

149 1538 310 1609 Peregrini
331 1539 429 1594 utitur
450 1559 485 1594 ea
506 1557 581 1595 voce
605 1557 645 1595 ex
676 1559 731 1595 sua
759 1558 904 1616 persona,
934 1537 986 1599 ἐπὶ
1012 1531 1067 1600 ada
1090 1529 1260 1617 deponent

149 1618 330 1702 ε’παχθῆναο
349 1619 407 1697 τῆς
425 1612 544 1692 Aulec.
587 1622 694 1700 ltaque
716 1621 775 1679 alio
797 1643 845 1680 me
866 1632 973 1687 verto
994 1629 1024 1679 et
1046 1630 1141 1702 puto,
1154 1622 1260 1682 fnisse

150 1725 263 1762 nomen
295 1705 407 1764 Graeci
437 1707 646 1783 magistratus,
674 1726 736 1764 non
765 1702 906 1769 Romani
946 1704 1027 1764 Nam
1056 1694 1195 1765 civiliter
1223 1715 1260 1766 et

79 1854 85 1864 ἡ
150 1787 308 1847 moderate
329 1797 469 1866 regentes
489 1790 662 1866 provincias
692 1789 826 1847 Romani
846 1790 1062 1889 permittebant
1087 1789 1259 1886 aliquando

140 1872 282 1950 ¹populis,
302 1882 338 1931 ut
359 1873 508 1932 haberent
528 1872 677 1951 quandum
697 1874 832 1952 speciem
852 1875 1021 1950 regiminis,
1041 1882 1073 1932 et
1088 1875 1262 1972 magistre-

149 1963 200 2014 tus
222 1957 369 2036 quosdam
389 1977 429 2016 ex
447 1977 501 2016 sua
521 1968 626 2035 gente,
646 1958 704 2016 sibi
724 1967 825 2017 tamen
847 1958 1000 2030 subditos,
1021 1967 1054 2017 et
1070 1959 1135 2017 sine
1154 1958 1260 2037 juris-

60 2050 65 2062 ‘
149 2038 291 2099 dictione
313 2061 473 2119 suprema,
503 2042 558 2100 sed
587 2063 707 2101 morum
735 2051 767 2102 et
796 2035 938 2117 εὐταξίας
967 2063 1072 2102 curam
1093 2041 1261 2106 habentes.

148 2122 187 2183 Id
206 2124 281 2184 mihi
304 2126 411 2184 suadet
434 2126 617 2184 Budaeus
607 2148 638 2184 ru
661 2129 889 2186 commentariis
911 2127 990 2196 suis,
1021 2128 1074 2206 qui
1093 2124 1169 2183 haec
1193 2130 1259 2187 ait·

150 2199 487 2289 ἇρμοοτῆραςέκοὶλουν
495 2204 668 2288 Ἀθηναῖοι
681 2203 753 2288 τούς
771 2213 817 2283 εἰς
835 2204 872 2274 td
893 2233 927 2272 av
913 2205 1003 2292 ’ζῇν
1022 2204 1259 2282 διατάττοντας.

149 2294 323 2369 Ignoratur,
345 2295 427 2351 unde
451 2292 485 2350 id
504 2297 663 2373 acceperit,
685 2295 737 2352 sed
759 2316 800 2353 ex
820 2315 856 2351 eo
876 2295 945 2352 loco
968 2295 1133 2370 colligitur,
1155 2293 1259 2355 fuisse

150 2371 324 2435 Athenis
302 2373 502 2454 αρμοστῆρας
523 2377 572 2449 id,
602 2376 681 2454 quod
705 2378 820 2435 Romae
841 2375 1012 2446 Censores,
1042 2384 1073 2431 et
1095 2373 1189 2431 credo
1212 2377 1256 2436 ad

150 2460 312 2533 exemplar
335 2459 504 2515 Censorem
524 2425 731 2516 Raimanorum
754 2460 925 2530 institutos;
968 2477 1037 2514 raam
1063 2458 1096 2514 in
1125 2455 1259 2534 antiqua

148 2539 387 2603 Atheniensium
409 2538 565 2616 republica
589 2541 764 2599 de‘'1rs·non
796 2541 831 2598 fit
852 2538 968 2598 mentio
989 2538 1071 2616 apud
1092 2547 1257 2601 auctorest

149 2623 212 2682 uisi
234 2625 277 2680 sic
296 2625 344 2694 sit,
366 2644 422 2680 cur
441 2625 482 2682 ita
499 2624 621 2680 loeutus
641 2623 739 2682 suerit
760 2626 941 2690 Larianus,
964 2623 1040 2682 mihi
1061 2642 1122 2682 non
1145 2622 1257 2703 liquet,

149 2708 252 2766 Pisa.
276 2706 360 2766 Haec
382 2715 414 2763 et
435 2706 493 2765 alia
514 2703 662 2765 nonnulla
684 2707 718 2765 in
738 2703 798 2766 hoc
819 2706 909 2781 libro,
929 2705 1073 2766 historias
1093 2705 1185 2764 hasce
1208 2706 1258 2767 sa·

149 2789 278 2850 bulasve
298 2790 453 2868 temporis
463 2810 531 2848 esse
550 2791 755 2865 recentioris,
783 2799 930 2868 arguunt,
956 2810 1027 2859 cum
1054 2791 1129 2850 de
1119 2794 1256 2869 imperio

145 2874 292 2943 ,Romano
313 2870 395 2932 haud
417 2874 510 2934 dubie
530 2870 604 2931 haec
623 2873 822 2952 intelligenda
842 2875 916 2937 siut
943 2874 1026 2934 Vide
1047 2875 1137 2934 etiam
1159 2894 1186 2939 c.
1205 2880 1256 2937 18.

151 2959 203 3025 52.
224 2966 257 3016 et
278 2957 328 3021 33.
350 2951 503 3030 Buoalraie
522 2956 619 3039 μέγας
640 2957 691 3017 hic
722 2966 771 3018 est
793 2958 968 3036 imperator
996 2943 1170 3017 Romanus.
1199 2960 1257 3031 (de

151 3063 213 3126 quo
232 3042 324 3100 titulo
345 3042 473 3103 consule
491 3041 613 3120 Spania.
624 3062 666 3123 ¹,p
688 3027 776 3124 446.)
798 3060 869 3103 cum
888 3043 989 3101 Ῑοαίἰα
1009 3043 1200 3117 nominetur,
1221 3053 1257 3103 et

151 3130 270 3205 Gyaros
291 3125 347 3184 sub
369 3126 608 3205 imperatoribus
629 3127 718 3186 exilii
736 3127 832 3186 locus.
865 3127 983 3199 Sosin.
1010 3125 1158 3186 Nondum
1180 3127 1256 3186 satis

150 3211 243 3270 video
265 3230 403 3279 caussae,
426 3230 482 3268 cur
503 3209 561 3269 hac
585 3211 788 3290 appellatione
806 3231 870 3270 uon
888 3194 1063 3270 Praesidem
1086 3218 1118 3268 et
1132 3210 1256 3268 Recto-

149 3314 216 3355 rem
249 3295 432 3352 Provinciae
461 3295 666 3364 ordinarium,
697 3314 761 3354 uno
789 3295 887 3355 verbo
914 3283 1132 3354 Proconsulem
1162 3295 1256 3354 Asiae¹

148 3377 369 3456 intelligamus,
396 3378 475 3436 licen
493 3398 555 3436 non
574 3378 730 3453 ignorem,
759 3397 878 3438 summo
898 3377 967 3437 viro
991 3375 1044 3440 Ea
1063 3376 1257 3456 Spanlaema'o

149 3461 184 3521 in
204 3463 271 3520 loco
293 3463 405 3521 Nostri
428 3459 468 3518 de
494 3460 597 3519 Morte
617 3462 778 3538 Peregrini
807 3457 839 3542 ς.
866 3481 897 3540 9.
914 3461 969 3519 ubi
990 3461 1098 3520 itidem
1117 3461 1157 3520 de
1177 3481 1257 3542 supa·

149 3545 245 3624 plicio
267 3545 375 3624 cepitis
392 3544 509 3622 agitur,
527 3545 619 3604 aliter
639 3544 758 3619 visum,
787 3565 856 3604 cum
877 3543 1070 3603 intellexerit
1091 3542 1130 3604 de
1151 3546 1257 3624 magi-

150 3638 247 3693 stratu
267 3650 293 3690 s.
315 3630 430 3706 Legato
439 3670 450 3697 ,
472 3636 562 3687 extra
584 3627 725 3688 ordinem
745 3629 791 3687 ad
809 3628 1018 3687 ordinandum
1037 3641 1152 3688 uatum
1171 3630 1257 3688 libe-

151 3733 258 3773 rarum
279 3715 448 3771 civitatum
467 3712 576 3786 miss03
595 3711 659 3775 vid.
679 3712 764 3775 Dias.
789 3713 837 3773 13.
856 3731 923 3791 pag
945 3707 1016 3772 586.
1045 3711 1159 3771 Libera¹
1180 3712 1257 3793 qui·

152 3795 222 3854 dem
245 3795 353 3854 civitas
376 3793 537 3892 Ephesus,
563 3795 618 3856 sed
647 3816 739 3875 quam
759 3805 861 3856 tamen
882 3795 1129 3855 Proconsulari
1119 3799 1255 3874 imperio

150 3879 336 3958 subjectam,
355 3880 428 3939 satis
449 3876 573 3938 aliunde
593 3887 724 3943 constat
765 3882 946 3938 Lucienum
973 3898 1034 3938 nou
1056 3899 1178 3977 semper
1199 3888 1258 3938 sb-

151 3901 298 4022 lenirihus
325 3962 534 4021 Romanarum
566 3962 747 4045 dignitatum
778 3962 1033 4042 appellationibus
1069 3963 1132 4036 nti,
1168 3959 1256 4042 (nam

140 4045 290 4127 alioquin
309 4042 361 4103 hic
384 4039 571 4120 ἀνθύπατος
592 4045 795 4109 nominandus
816 4041 896 4128 erat)
924 4046 974 4117 vel
1005 4045 1077 4106 inde
1101 4046 1175 4104 satie
1196 4067 1255 4124 ap-
