2602 4702
163 274 241 355 ost
435 296 1001 351 suttorsrronns

163 470 252 544 cnjus
274 472 363 535 stitit,
383 470 419 522 nt
438 446 554 543 liquet,
582 448 687 525 verius.
708 461 834 527 Gntsv.
878 438 1050 548 Χαρίτων
1069 453 1167 525 ontis
1190 466 1281 545 tege·-

57 586 60 591 ·
134 562 137 577 ¹
162 556 262 623 butor,
278 546 361 629 quod
381 566 487 606 versus
507 548 636 625 respuit,
656 546 787 626 ideoque
808 552 978 609 Homerum
994 556 1118 608 seetttns
1136 554 1286 619 mutavi·

161 635 236 699 vid.
253 634 287 693 ll.
311 634 347 705 1’,
373 632 417 691 tii.
445 632 487 689 Et
501 630 539 689 nd
555 632 649 691 verbs
663 651 726 710 seq.
742 630 805 698 vid.
824 632 915 693 eund.
938 634 1014 693 ibid.
1034 652 1063 692 v.
1079 634 1131 693 59.
1148 635 1279 695 som.

245 717 329 778 Eud.
351 714 374 778 l.
402 718 450 783 14.
474 708 698 793 Ἐσφὴκωντο)
722 715 872 776 Mendosc
890 718 922 775 in
945 719 1069 786 institis,
1097 718 1209 797 iisqu'e
1230 740 1280 778 re·

161 802 370 872 centioribus,
389 799 565 878 legebatur,
585 792 767 877 s'opsisom.
809 800 852 859 At
870 802 922 861 ΡΖ.
945 804 980 862 V
977 824 1025 864 sn.
1042 810 1181 881 unaque
1204 806 1279 865 Aut

159 896 193 947 et
213 888 268 949 Fr.
291 894 321 943 et
343 885 408 961 ipse
428 886 586 941 Homerus
596 930 607 959 ,
628 883 676 942 uti
694 883 905 957 restituimus,
926 883 1051 959 hubent,
1071 886 1204 951 Sousr's.
1244 912 1247 917 ·

173 1002 178 1009 .
246 972 332 1046 pag,
354 969 426 1046 309.
444 965 467 1029 l.
487 984 516 1028 2.
538 960 604 1039 Ὦς
624 967 714 1041 ποτε)
737 966 853 1026 Omnes
872 978 996 1049 prester
1016 970 1098 1031 Par.
1118 964 1160 1041 de
1178 962 1287 1049 (Per.

159 1062 263 1113 sutem
283 1046 399 1127 dudm.)
441 1051 538 1130 Atqui
554 1050 663 1110 melius
679 1058 711 1109 et
725 1049 763 1107 sd
778 1052 959 1132 scripturam
979 1053 1106 1133 propius
1123 1049 1174 1127 032·
1188 1064 1279 1121 hors.

158 1139 284 1200 roris.
328 1135 520 1213 Scriptorum
547 1132 605 1193 Ed.
630 1137 709 1194 Por.
738 1127 831 1199 ὁπότε
861 1134 1036 1195 exhibentis
1056 1156 1120 1197 non
1143 1144 1280 1219 spei-no,

158 1241 260 1301 neque
287 1219 324 1278 sb
354 1238 389 1276 es
416 1217 638 1292 discessissem,
665 1218 725 1277 nisi
746 1218 829 1298 justo
857 1221 991 1299 suspicio
1011 1232 1110 1296 esset,
1141 1234 1218 1287 eam
1238 1246 1280 1287 ex

156 1307 337 1386 eonjecturs
357 1303 401 1361 sic
422 1300 598 1360 emendasse
614 1310 790 1362 ceterarum
808 1299 844 1378 ὅς
864 1326 946 1368 ποτε.
967 1304 1079 1364 Rrrrz.

245 1387 326 1448 Ead.
347 1387 368 1446 l.
395 1386 442 1444 13.
456 1380 607 1464 Ἧψουν)
628 1380 702 1451 Ὀτι
727 1380 766 1447 sd
791 1384 876 1462 ἔτνος
902 1383 1009 1467 ἥψουν
1027 1390 1092 1464 τοῖς
1107 1393 1280 1473 Kootlosc,

155 1464 213 1535 δύο
234 1466 350 1551 τόμους
369 1467 427 1547 τοῦ
447 1464 598 1549 silicinus·
617 1464 771 1552 ἐμβαλών.
799 1475 876 1532 Cum
894 1474 1015 1531 duobus
1036 1477 1183 1535 extorum
1191 1480 1279 1557 fiu-

156 1560 216 1615 stis
240 1557 371 1622 iniretis
398 1556 542 1634 legumen
568 1576 728 1633 coquerem
748 1556 980 1616 Saturnalibus
1016 1552 1118 1639 Ἕψω
1143 1560 1277 1641 quidem

155 1649 317 1699 mutuatur
333 1656 389 1697 sun
410 1648 547 1717 ternpore
567 1639 605 1697 ab
626 1638 726 1718 ἕψέω,
749 1639 801 1697 sed
824 1641 906 1721 quod
927 1640 1042 1699 dudum
1062 1644 1277 1723 repudiet-istit

154 1725 331 1782 Atticorum
354 1740 460 1797 sures,
489 1731 524 1780 ut
545 1724 576 1784 oi
596 1720 820 1803 γραμματικῶν
847 1726 955 1799 παῖδες
972 1716 1161 1791 docuerunt.
1208 1730 1276 1789 Its·

155 1828 217 1886 que
243 1824 302 1887 pro
328 1799 436 1887 ἥψουν
463 1807 612 1865 meleburn
641 1807 716 1864 olim
747 1802 851 1889 ἧψαν,
880 1808 933 1868 sed
961 1819 1067 1888 postea
1094 1810 1178 1877 Ms.
1194 1814 1275 1875 inihi

155 1890 294 1950 ostendit
313 1889 477 1969 legendum
497 1902 565 1949 esse
580 1883 716 1971 ἥψημα,
744 1903 776 1951 et
796 1912 854 1972 pro
874 1888 1005 1972 τόμους,
1027 1888 1163 1977 septim.
1210 1894 1273 1959 Sed

153 1970 300 2048 cilicineo
316 1985 389 2032 sunt
403 1975 512 2049 botuli,
525 1976 719 2054 sarcimine,
740 1996 803 2035 nou
820 1977 978 2040 intestine.
1001 1977 1132 2044 Gnssv.
1157 1974 1272 2063 Ἔψέω

153 2080 259 2120 rurum
284 2080 349 2117 csse
380 2058 583 2117 Grammatici
612 2060 720 2138 ajunt,
750 2080 815 2119 non
835 2062 926 2140 plene
947 2061 1107 2122 damnant:
1131 2064 1272 2147 id'roque

154 2144 282 2223 imperi.
303 2142 377 2202 inde
395 2142 563 2202 formatum
584 2145 707 2203 servavi
728 2144 873 2222 quidem,
892 2145 985 2205 facile
1005 2154 1111 2206 tamen
1131 2152 1269 2229 permit-

152 2235 231 2302 tens,
253 2237 289 2288 ut
306 2220 421 2308 ἥψησα
438 2247 508 2286 cum
530 2227 650 2286 duobus
671 2226 768 2287 Codd.
786 2228 884 2307 leget,
901 2229 954 2289 eui
973 2230 1110 2294 libuerit.
1155 2232 1267 2295 Utitur

151 2311 251 2392 prael.
271 2313 328 2371 inf.
354 2313 451 2392 ἕψεῒν
472 2313 509 2371 ab
539 2312 625 2392 ispius
647 2312 733 2385 Aret.
754 2312 897 2391 Coppad.
923 2312 965 2379 [ι.
990 2332 1019 2376 2.
1042 2315 1150 2376 Morb.
1171 2318 1271 2383 Aeut.

152 2414 187 2457 c.
202 2414 231 2458 π.
250 2417 281 2475 p.
304 2416 343 2454 m.
365 2414 416 2476 97.
437 2396 476 2457 A.
512 2392 631 2457 Verum
651 2397 677 2454 is
696 2396 800 2455 Attice
822 2418 884 2457 nou
903 2399 1044 2477 scripsit,
1065 2406 1099 2457 et
1120 2400 1271 2463 futurum

150 2481 321 2539 secundum
351 2499 417 2538 esse
444 2481 554 2561 uliquis
590 2479 765 2543 contendat.
818 2481 879 2540 Sed
908 2490 1059 2560 potestate
1088 2487 1271 2560 praesentis

150 2573 254 2624 tamen
280 2565 325 2623 ibi
353 2578 528 2642 usurpatur.
556 2557 672 2642 ‘'Euri-o
699 2585 775 2621 vero
798 2560 862 2623 dici
892 2565 930 2623 de
958 2587 1011 2640 eo,
1033 2566 1189 2645 quiquid
1211 2592 1270 2629 co·-

151 2647 308 2729 quendum
336 2652 442 2721 curat,
463 2649 508 2706 eit
532 2648 667 2708 oasam.
689 2646 726 2704 ad
748 2647 863 2713 Athen.
881 2649 921 2712 L,
944 2642 996 2707 IV.
1017 2651 1176 2717 animadv.-
1196 2674 1270 2733 cap.

154 2735 202 2792 15.
225 2749 333 2791 versus
360 2729 415 2793 fin.
458 2733 495 2791 In
525 2732 592 2810 ipso
626 2751 703 2790 vero
728 2732 844 2805 Athen.
874 2734 931 2792 sub
958 2732 1029 2794 init.
1057 2732 1157 2809 ejusd
1200 2754 1297 2817 σιμ·

149 2816 240 2897 dipsis
268 2834 390 2895 quoque
412 2834 555 2893 praesens
587 2826 651 2889 est,
682 2807 784 2895 possis
809 2818 898 2897 ἑψεῒν
914 2849 955 2860 -·-
971 2810 1190 2896 μεμαθήκειγ,
1217 2829 1271 2881 ter

150 2901 219 2960 eod.
244 2920 310 2980 cap.
327 2920 360 2957 sc
384 2898 497 2960 deinde
512 2920 602 2980 saepe
617 2901 761 2960 occurrit.
806 2901 899 2981 Apud
919 2904 1051 2961 Diodor.
1073 2902 1128 2960 Sic
1147 2900 1174 2961 I.
1198 2924 1269 2985 erp.

151 2988 203 3047 84.
232 2984 331 3065 praef.
363 2981 501 3064 ἑψῶντες
528 2985 661 3061 legitur,
692 2987 778 3064 quasi
805 2986 888 3045 foret
914 2987 951 3044 ab
975 2978 1086 3065 ἑψᾶω,
1123 2986 1270 3069 ideoque

154 3071 284 3133 We'srsl.
316 3068 377 3127 No.
399 3088 449 3145 29.
478 3068 629 3149 ἑψοῦντες
657 3072 742 3128 malit
750 3071 838 3143 ,uti
865 3080 951 3128 recte
981 3078 1031 3128 est
1051 3068 1130 3131 ibid.
1159 3090 1191 3130 e.
1213 3074 1269 3137 80.

150 3152 246 3231 Quod
268 3162 369 3213 autem
391 3155 524 3212 Casoub.
546 3153 629 3212 dieat
651 3157 720 3233 ἕψω
744 3174 830 3228 esse,
860 3157 952 3233 coqui
972 3172 1061 3228 curo,
1081 3152 1116 3211 id
1137 3154 1185 3213 its
1207 3174 1271 3216 vc-

147 3260 220 3299 rum
241 3238 351 3312 credo,
378 3248 414 3296 ut
443 3259 532 3316 saepe
560 3238 664 3296 faeere
685 3241 752 3317 quis
766 3236 887 3317 uliquid
906 3238 1021 3296 dicitur
1030 3280 1039 3310 ,
1068 3234 1185 3317 quiid
1207 3260 1270 3319 per

149 3325 243 3382 elium
272 3323 355 3381 iacit.
400 3323 443 3380 Et
467 3324 511 3380 sic
541 3324 639 3382 lentos
662 3344 787 3402 coquere
814 3323 935 3380 dicetur
957 3323 1118 3394 dominus,
1149 3324 1269 3401 quiid

147 3409 245 3466 servis
272 3410 415 3485 imperat.
456 3406 537 3465 Nam
565 3410 634 3487 ἕψω
663 3425 773 3485 perse
801 3426 867 3464 esse
887 3427 1000 3486 coquo,
1023 3406 1217 3483 probarem,
1240 3410 1268 3467 sl

148 3492 223 3573 quid
244 3510 320 3570 opus
339 3491 438 3566 soret,
458 3512 499 3550 ex
517 3492 616 3552 Pind.
633 3489 685 3552 Ol.
701 3496 738 3557 A.
754 3522 797 3535 -
811 3491 843 3553 ἓν
866 3484 966 3570 σκότῳ
984 3483 1170 3566 καθήμενος
1187 3494 1267 3575 ἕψοι

149 3575 296 3658 (γῆρας),
325 3586 357 3634 et
378 3598 419 3634 ex
440 3575 519 3637 eliis.
560 3573 622 3634 Sed
644 3586 732 3634 acute
752 3574 1000 3655 philosophantes
1019 3572 1266 3652 responderent,

147 3682 206 3719 uec
226 3680 333 3720 servus
355 3662 479 3740 coquit,
502 3660 555 3718 sed
576 3660 654 3734 olls,
676 3660 806 3732 furnus,
827 3660 889 3731 sol,
905 3660 1000 3735 ignis,
1028 3661 1148 3735 coquit.
1199 3658 1266 3721 Ve-

147 3764 219 3807 rum
237 3745 291 3803 has
311 3749 443 3823 argutias
466 3745 589 3804 auditor
610 3764 699 3802 senus
717 3745 784 3802 risu
804 3744 972 3818 exciperet.
994 3742 1111 3799 lieren.

231 3832 317 3907 Pog.
341 3831 411 3894 διο.
428 3831 449 3888 l.
470 3849 496 3887 ts
518 3824 632 3908 Σιμὸν)
654 3829 689 3886 ln
703 3830 739 3888 P.
757 3837 790 3886 et
805 3828 833 3888 J.
851 3830 987 3904 Σίμωνα,
1002 3844 1108 3902 preve.
1131 3825 1262 3891 souis.

228 3914 309 3975 ibid.
329 3912 508 3995 Κεραμεοῦν
527 3907 690 3992 τρύβλιον)
713 3912 908 3970 Generaliter
928 3933 985 3990 pro
1000 3908 1139 3987 quolibet
1155 3910 1263 3975 nenti.

144 3999 396 4058 Sumiturtamcu
414 4022 470 4077 pro
489 3999 582 4056 sacris
595 3999 752 4064 fictilibus,
776 3995 1005 4074 qualiuNumsc
1018 3992 1145 4051 fictilis:
1166 4004 1203 4053 et
1216 3996 1262 4053 itt

145 4080 475 4163 videtur-interpretari
487 4074 632 4163 τρύβλιον
639 4081 773 4160 Ilooyclr.
784 4076 933 4160 corripior
941 4076 1121 4160 μυστηρίου.
1131 4078 1260 4138 Boreo.
