2632 4702
183 294 258 373 430
458 268 1064 381 'auu'orarrorrus
1123 288 1187 337 -'

183 477 290 551 ciria
309 475 432 549 referre
451 465 641 555 possumus?
667 468 748 532 Sana
765 469 921 551 scriptura
943 471 1145 553 (quamquam
1165 473 1306 554 Salona*

184 571 320 630 Gesnero
346 570 380 621 et
407 560 530 617 Reitaio
561 550 715 633 ἀόρατος)
743 563 791 616 est
814 554 1306 642 conterminandam

185 650 302 732 (aucus.
326 645 428 723 plur.)
450 633 509 704 ὑπ’
536 634 639 715 nitrio
663 666 693 704 τ.
715 656 755 720 ψ.
777 642 859 704 onst
877 644 1034 721 Seagerus
1053 641 1089 702 in
1104 645 1199 709 Dior.
1220 645 1304 706 cria

183 735 260 797 Vol.
276 729 401 809 XVIII.
415 744 448 804 p.
466 726 517 784 48.
538 725 678 800 Vereor,
696 744 736 783 ne
749 724 816 804 ipae
829 726 982 804 Sangarite
997 747 1108 788 verum
1122 749 1190 790 nou
1207 728 1305 789 vide-

183 819 237 882 rit.
265 812 445 893 Simplicior
469 816 555 868 certe
579 809 695 883 multo,
728 817 765 886 et·
780 811 899 886 aptior,
928 812 1174 884 atramentis,
1207 834 1304 893 quam

183 904 356 969 liciniano
372 895 466 955 lectio
483 891 620 973 praebet.
647 891 789 970 Neopto
809 888 916 958 circis
936 895 1174 958 rescribendum
1199 892 1302 982 αὐτῷ,

184 983 271 1068 quod
287 979 484 1043 Schmiedero
503 978 600 1054 magis
627 972 759 1055 placuit3
786 998 882 1057 quum
903 977 982 1037 illud
1004 1000 1068 1039 non
1086 981 1192 1042 solum
1216 1002 1303 1043 con-

184 1077 305 1131 stanter
319 1071 467 1126 tueantur
480 1080 586 1122 omnes
600 1058 691 1129 libri,
711 1059 872 1122 sedetiam
888 1061 1050 1123 commode
1072 1063 1117 1126 ita
1138 1065 1302 1144 explicaro

185 1152 285 1234 possis
294 1195 306 1225 ,
325 1157 362 1209 ut
376 1147 496 1207 reseras
506 1164 571 1204 nou
585 1152 647 1203 tam
662 1142 702 1202 ad
718 1164 816 1213 unam,
827 1165 936 1205 vocem
953 1143 1043 1227 σῶμᾳ
1050 1187 1062 1217 ,
1083 1169 1176 1229 quam
1195 1151 1301 1230 potina

184 1230 336 1312 intelligas
352 1224 395 1295 roi
415 1226 474 1295 acii
488 1221 632 1308 σώματος
648 1220 728 1291 καλοὶ
743 1230 798 1292 uui
818 1223 974 1311 ἕρᾶομια·
997 1239 1067 1307 aut,
1087 1233 1116 1292 si
1130 1232 1194 1293 hoo
1208 1232 1300 1310 nolis,

182 1320 219 1382 iu
235 1338 312 1380 voce
329 1314 420 1396 σῶμα
434 1315 536 1391 cogita
555 1311 691 1390 singulas
712 1312 781 1373 illas
804 1317 944 1394 corporis
966 1325 1085 1394 partes,
1110 1312 1188 1396 quas
1209 1326 1300 1377 entes

184 1401 409 1485 pulcherrimas
431 1398 567 1461 finxerat
594 1396 743 1474 Lycinna.
783 1395 821 1459 In
847 1400 978 1458 Geaneri
1005 1399 1131 1481 quidem
1151 1401 1298 1463 versione

138 1494 140 1505 '
183 1488 357 1559 neminem,
376 1482 488 1553 credo,
510 1480 591 1541 male
605 1478 748 1542 habuerit
762 1480 843 1543 illud
855 1482 913 1542 aab
927 1486 1018 1560 ἰειίο,
1037 1485 1098 1544 etsi
1116 1504 1298 1566 praecesse·

183 1572 230 1632 rit
246 1588 368 1648 corpus.
388 1567 500 1630 Leues.
534 1602 537 1607 ,

268 1653 351 1718 Ead.
364 1651 386 1710 l.
400 1652 430 1711 5.
444 1647 578 1714 Βασιλεῖ
588 1643 634 1732 τῷ
649 1646 732 1730 ary.)
746 1647 854 1709 Minus
869 1657 942 1730 apte
957 1648 1033 1711 haec
1048 1651 1090 1718 L.
1111 1651 1204 1713 Vero
1226 1673 1299 1721 ow·

183 1736 331 1811 veniun13
352 1733 407 1794 sed
429 1733 600 1795 adulatorie
622 1732 705 1792 dicta
720 1733 871 1795 censenda
894 1746 976 1796 suut.
1020 1737 1105 1811 Vide
1127 1736 1297 1803 Gemini

183 1822 229 1883 M.
243 1818 351 1879 Aurei.
364 1819 482 1880 Antan.
496 1818 583 1888 VIII,
600 1817 691 1892 37.15
710 1836 756 1893 17.
773 1819 915 1879 civitam
931 1821 1075 1900 operibus
1092 1818 1297 1900 praemisum,

87 1951 93 1964 .
183 1904 307 1987 p.'XL-.
319 1901 502 1963 scholiastes
517 1910 603 1961 recte
619 1898 704 1960 Vero
722 1901 852 1976 tribuit3
871 1903 974 1965 sedin
991 1924 1029 1963 eo
1045 1925 1148 1965 erasae
1162 1904 1296 1980 videtur,

184 1989 281 2071 quodi
293 2008 426 2062 uxorem,
444 2006 507 2045 non
531 1986 738 2045 concubinam
760 1986 862 2046 saciat.
885 1986 980 2053 Uxor
1000 1989 1088 2047 enim·
1106 1988 1137 2048 ei
1157 1990 1296 2064 Lucilla,

182 2093 247 2134 non
260 2071 428 2131 Pantheo:
449 2090 551 2151 neque
565 2067 618 2129 hic
634 2089 765 2150 usquam
780 2091 857 2129 uxor
872 2072 973 2147 audit,
992 2073 1045 2131 sed
1060 2080 1184 2133 tantum
1202 2079 1297 2155 βασι-

183 2156 231 2223 aaz
244 2152 398 2230 σοοοῧοα,
414 2151 468 2214 hic
483 2163 517 2215 et
529 2175 595 2234 cap·
613 2171 662 2217 ιο.
680 2163 741 2220 οῐο.
754 2154 806 2215 oui
820 2151 989 2235 Imperator
1003 2156 1189 2221 consuescit.
1208 2157 1297 2219 Adde

182 2260 211 2304 o.
227 2260 278 2306 20.
296 2241 417 2303 soem.

266 2325 348 2384 Eud.
364 2325 387 2387 1.
408 2342 438 2401 7·
464 2315 709 2402 Εὖδαομόνημα)
737 2320 840 2382 Locus
865 2325 1018 2399 Homeri,
1046 2323 1101 2404 qui
1121 2322 1297 2403 respicitur,

182 2417 232 2470 est
249 2428 291 2469 ex
308 2409 347 2468 11.
363 2409 386 2467 Ι.
400 2419 430 2468 v'.
447 2408 519 2487 389.
535 2402 678 2485 [Κούρην
692 2400 727 2468 δ’
749 2402 788 2471 οὗ
800 2405 906 2485 γαμέω
920 2401 1157 2490 Ἀγαμέμνονος
1169 2402 1297 2491 'Asper'-

174 2496 251 2573 ¹doro,
270 2486 370 2571 [Οὐδ’
388 2495 418 2554 εἰ
431 2499 560 2575 χρυσείῃ
574 2484 746 2574 Ἀφροδίτῃ
762 2485 871 2563 κάλλος
883 2491 987 2571 ἐρίζοι,
1002 2487 1123 2573 [Ἔργα
1141 2484 1175 2557 δ’
1187 2486 1297 2570 ’Aea-

182 2578 257 2662 ealp
275 2568 478 2657 Γλαυκοίπιδο
493 2574 686 2654 ἰσοφαρίζοι·
710 2569 846 2650 [Filiam
858 2596 929 2632 vero
941 2577 1191 2655 Agamemnonis
1204 2580 1296 2637 Arri·

180 2664 242 2723 dne
262 2681 325 2721 non
340 2680 464 2718 uxorem
480 2659 641 2726 duxerim,
664 2653 754 2738 [Non
769 2662 866 2718 etiam
878 2660 908 2715 oi
924 2681 1024 2718 aurea
1039 2681 1109 2719 cum
1124 2663 1162 2721 V
1156 2681 1247 2721 encre
1258 2663 1295 2721 de

175 2748 303 2828 formae
317 2745 426 2822 gloria
440 2755 589 2812 certaret,
611 2740 816 2824 [Cassiusque
835 2743 972 2803 Palladi
988 2747 1033 2802 in.
1047 2745 1198 2822 operibus
1212 2739 1296 2826 soret

178 2827 269 2909 pan]
294 2825 458 2888 Caeterum
472 2828 506 2887 in
526 2827 632 2887 verbis
653 2827 813 2902 Luciani,
830 2826 902 2906 quia
920 2847 986 2887 vox
1006 2820 1221 2909 ἐὐδαιμόνημα
1232 2848 1293 2889 non

180 2912 274 2994 facile
292 2910 366 2971 alibi
383 2911 538 2986 occurrit,
563 2919 595 2970 et
609 2911 702 2990 plane
722 2913 834 2971 omissa
856 2921 903 2971 est
918 2912 956 2972 ab
970 2915 1018 2975 H.
1035 2913 1218 2991 Stephano,
1240 2934 1293 2973 uo·

179 2995 314 3076 gitabam
329 2997 719 3074 scripsissemelucianm
741 2991 886 3075 εὔδαιμον
910 2993 1032 3077 κτῆμα,
1054 3005 1090 3056 ut
1110 2997 1198 3058 iufra
1210 2998 1296 3063 'roa

180 3100 208 3143 c.
226 3078 278 3147 62.
295 3081 433 3141 amicitie
451 3087 579 3142 vocatur
592 3075 695 3156 κτῆμα
715 3073 883 3161 κροίτιστσν
903 3081 957 3153 nni
976 3074 1157 3151 κάλλιστον,
1180 3090 1216 3141 et
1236 3080 1293 3155 Pa·

179 3166 266 3243 rasit.
278 3185 306 3230 c.
323 3166 374 3226 58.
395 3164 512 3224 dicitur
531 3161 576 3248 aqi
597 3162 745 3244 epipam
763 3159 857 3231 uulda
882 3165 936 3231 καί
951 3163 1104 3247 λοσιτολίς
1117 3160 1244 3245 κτῆμα,
1262 3173 1295 3225 ci

179 3250 260 3329 ignis
276 3249 450 3330 appellatur
463 3247 653 3328 τιμιώτατον
668 3246 772 3330 κτῆμα
786 3250 852 3314 cair
862 3246 950 3313 θεῶν
969 3251 1003 3308 in
1018 3248 1206 3311 Prometheo
1220 3247 1292 3331 §.S

179 3335 299 3395 Atnon
315 3334 526 3394 attrectandns
542 3333 593 3392 hic
608 3334 713 3409 locns3
732 3356 845 3415 neque,
866 3343 953 3414 puto,
976 3333 1049 3392 satis
1070 3335 1224 3397 concinne
1244 3330 1293 3393 di-

179 3414 322 3493 ceretur,
344 3409 382 3481 ου’
399 3412 461 3500 ροίρ
476 3412 589 3500 pispir
601 3415 694 3482 auito
708 3413 855 3500 εὔδαιμον
871 3414 971 3497 κτῆμα
983 3409 1071 3499 γυνή.
1098 3416 1161 3478 Sed
1179 3437 1240 3481 neo
1253 3417 1307 3478 oh'

179 3503 333 3565 rariorem
356 3522 448 3562 usum
472 3523 537 3564 vox
560 3503 721 3583 quaepiam
749 3502 937 3574 damnanda,
971 3502 1070 3580 multo
1096 3503 1198 3564 minus
1216 3501 1296 3583 'quie

179 3586 268 3649 abeat
283 3587 320 3647 ab
337 3587 580 3667 locupletissimo
603 3587 803 3667 caeteroquin
825 3586 981 3664 Stephani
1003 3584 1176 3652 Thesauro.
1217 3585 1293 3647 Eta-

57 3714 62 3723 ι
178 3672 263 3749 nim,
282 3692 324 3732 ne
340 3670 380 3732 de
395 3673 464 3732 aliis
481 3671 684 3752 scriptoribus
707 3670 835 3731 Graecis
856 3666 985 3750 loquar,
1009 3671 1045 3731 in
1065 3672 1213 3737 Lucieno
1232 3690 1294 3731 no-

179 3765 247 3817 stro
271 3758 515 3838 quamplurimae
540 3774 632 3816 voees
653 3763 746 3833 sunt,
767 3775 841 3834 quas
866 3755 984 3815 frustra
1001 3755 1037 3815 iu
1060 3753 1224 3815 Thesauro
1236 3753 1295 3833 illo

162 3842 357 3923 quaesieris.
387 3841 461 3901 Non
482 3840 618 3915 alienum
638 3837 710 3898 fore
736 3847 831 3918 puto,
857 3836 910 3899 hio
935 3861 987 3901 aaa
1013 3839 1185 3920 subjicere,
1213 3856 1296 3919 quse

63 3972 68 3983 .
179 3926 272 3987 uobis
289 3946 331 3985 ex
347 3923 552 3985 Samosatensi
572 3930 697 3984 notatae
717 3931 809 3994 sunt,
828 3943 958 4006 quarum
978 3922 1176 3984 haud.sacile
1195 3923 1294 3998 ullum

181 4009 265 4090 apud
281 4009 475 4087 Stephanum
488 4006 662 4068 offenderis.
704 4007 786 4067 Sunt
806 4018 910 4069 autem
931 4007 1008 4069 hae:
1027 4003 1209 4085 «(Οωίσί
1229 4027 1293 4089 eas,

181 4103 219 4163 ut
235 4093 360 4161 chartae
375 4112 553 4176 parcerem
574 4093 757 4175 praesertim
773 4114 870 4175 quum
887 4092 985 4155 index
999 4110 1104 4157 earum
1125 4109 1209 4153 nunc
1231 4110 1293 4153 non
