2602 4702
137 290 231 367 ’ωδ
416 292 993 355 annorarronrs

153 488 343 539 caeterarum
367 468 449 535 Edd.
474 464 571 528 lectlo
599 459 723 545 quidem
749 460 823 523 satis
844 458 1046 523 commodum
1064 472 1206 523 sensum
1224 478 1281 521 ex·

154 564 294 634 bibebat,
314 550 416 617 danda
424 601 434 630 ,
458 547 548 619 οὐδέν
568 576 597 613 τι
617 544 739 630 ιῖχινῆ
760 542 857 623 ναῦς,
886 540 906 609 d
923 538 968 626 μή
987 542 1143 629 χρειῶδες
1164 536 1211 625 ἦν
1226 538 1280 611 ei·

155 650 234 720 τοῖς·
252 642 335 725 qnod
347 643 507 717 ,annena
531 642 685 703 verterat,
706 632 793 690 nillil
809 631 945 689 habebut
963 634 1079 701 navis,
1103 632 1201 711 quod
1221 652 1281 691 non

157 736 237 811 ipsis
258 740 338 787 esset
356 727 439 783 ιιιιιί.
484 720 552 780 Nec
574 717 666 777 facilc
694 716 854 796 quisquam
883 712 1052 775 divinasset
1072 714 1206 795 aliquid
1227 714 1281 773 ad-

158 814 292 879 dendum
320 808 373 868 vel
401 804 580 867 mutandum
593 822 604 871 ,·
630 819 740 860 verum
769 798 843 879 quia
868 798 1020 878 principis
1041 796 1216 861 Editionie
1234 804 1282 861 au

156 901 248 961 uilius
271 893 393 955 Codicis
414 888 539 951 omissio
560 885 652 945 facile
672 884 804 943 transire
825 882 905 941 solet
922 881 960 941 ud
981 882 1185 965 posteriores
1200 882 1281 949 End.

158 1003 279 1054 omnes,
300 977 388 1039 nolui
409 973 624 1044 committere,
643 978 679 1027 ut
698 969 753 1027 illa
773 967 896 1026 detecta
925 965 1028 1027 denuo
1058 978 1216 1029 maneret
1233 968 1283 1029 in·

73 1058 78 1067 ’
157 1078 253 1140 tacta,
282 1062 343 1123 etsi
369 1058 454 1117 haud
484 1053 563 1117 adeo
592 1053 763 1131 magnicat
789 1051 950 1112 momenti.
989 1048 1083 1111 Nihil
1106 1052 1215 1133 igitur
1233 1052 1284 1113 in·

159 1150 335 1229 dignabitur
356 1146 525 1211 Gesnerus,
546 1160 597 1199 me
616 1137 793 1197 versionem
816 1138 909 1196 etism
930 1154 987 1195 sex
1007 1136 1124 1197 verbis
1142 1138 1285 1205 missa

158 1235 278 1295 Rnira.

244 1322 331 1393 Ρος.
352 1311 425 1374 281.
445 1308 469 1373 l.
494 1326 521 1369 1.
541 1301 582 1372 ‘O
602 1303 657 1387 pls
678 1296 848 1387 πρότονος)
870 1294 1060 1383 Προτὸνοας
1079 1312 1118 1365 et
1138 1296 1286 1389 sepiem

160 1402 318 1481 explicant
341 1396 475 1455 Homeri
501 1393 686 1469 interpretes
713 1390 752 1449 ad
778 1390 815 1449 ll.
840 1388 880 1460 A,
903 1392 976 1451 434.
998 1388 1031 1449 et
1054 1388 1125 1453 Od.
1146 1392 1192 1467 B,
1212 1388 1286 1453 425·

160 1487 297 1564 itemque
317 1479 510 1555 Hesychius,
532 1476 670 1554 duplices
692 1476 804 1546 funes,
831 1494 849 1532 a
870 1471 1028 1533 carchesio
1049 1472 1132 1534 hino
1150 1474 1191 1537 in
1212 1496 1288 1557 pro·

160 1569 336 1645 ram‚l1inc
359 1565 393 1623 in
412 1563 539 1640 puppim
562 1568 672 1618 tentos.
716 1558 778 1616 Sed
798 1558 831 1617 in
852 1579 905 1631 ea,
932 1576 1011 1637 quae
1037 1554 1093 1618 hie
1127 1558 1287 1619 describi-

162 1665 230 1726 tur,
252 1651 341 1722 navi,
364 1639 517 1726 πρότονος
536 1645 600 1702 rim
624 1643 758 1702 nominis
778 1642 827 1700 sui
849 1663 972 1701 servare
994 1640 1106 1718 debet,
1136 1652 1174 1705 et
1203 1644 1287 1705 sunit

162 1740 230 1797 esse'
255 1754 363 1794 versus
391 1752 519 1811 proram
546 1749 571 1791 s.
590 1729 776 1794 anteriorem
795 1728 881 1785 navis
902 1735 1018 1805 partem
1041 1736 1177 1797 tentus,
1200 1729 1287 1809 cujus

163 1840 223 1899 ope
245 1824 381 1909 erigatur
402 1815 550 1873 demissus
570 1814 657 1871 antec
679 1811 796 1879 malus,-
823 1812 877 1891 qui
896 1810 1068 1879 renitatur.
1089 1830 1156 1875 nec
1180 1832 1287 1875 versus

162 1906 291 1984 puppim
310 1901 450 1961 recidere
479 1898 575 1956 rnalus
604 1897 716 1975 possit:
745 1915 814 1953 nam
842 1916 881 1953 ne
903 1916 920 1953 a
943 1894 1046 1953 ventis
1067 1914 1189 1957 versus
1211 1918 1285 1977 pro·

162 2011 228 2049 ram
253 2002 345 2067 queat
372 1982 482 2061 dejici,
513 1982 586 2039 satis
614 1978 745 2059 impedit
774 1980 894 2059 reliqua
915 1981 1123 2041 constructio.
1169 1982 1220 2043 Et
1238 1982 1284 2041 vi-

165 2074 256 2132 detur
278 2071 352 2129 hinc
375 2064 563 2127 emendanda
577 2064 674 2142 figura
697 2063 847 2144 deheffi’ri
862 2064 900 2121 de
920 2064 983 2121 rnil-
1003 2083 1075 2128 nav.
1101 2064 1146 2125 ad
1167 2088 1204 2147 p.
1223 2066 1282 2129 188.

162 2160 196 2218 in
218 2178 277 2237 qua
299 2161 448 2233 protonus
476 2159 607 2209 nonest
629 2158 797 2227 protonus,
825 2148 878 2206 sed
907 2151 1068 2227 epitouus:
1093 2148 1121 2212 i.
1145 2172 1176 2210 e.
1202 2150 1281 2211 neris

163 2242 315 2322 Sclcefferi
336 2238 444 2296 similis
472 2234 529 2293 hac
558 2243 647 2313 parte
674 2243 721 2292 est
747 2230 836 2309 huic,
867 2253 958 2313 quam
985 2229 1204 2313 reprehendit
1223 2236 1284 2297 Ds-

166 2328 236 2388 mis.
258 2325 357 2384 Gssu.

249 2409 331 2467 End.
351 2407 372 2465 l.
395 2423 425 2468 2.
458 2408 499 2468 Οἱ
524 2395 620 2474 πόδες
649 2397 681 2464 δὲ
710 2399 742 2472 ἒς
769 2394 827 2476 τήν
854 2392 1002 2484 πριᾶραν)
1034 2398 1168 2482 Nempe
1185 2396 1287 2479 πόδες,

165 2490 198 2556 h.
221 2514 248 2552 e.
277 2493 383 2563 funes,
412 2489 522 2567 quibus
549 2488 646 2544 imum
669 2488 749 2544 latus
773 2486 837 2543 veli
864 2506 907 2544 cx
936 2495 1074 2564 utroque
1107 2490 1230 2567 angulo
1252 2488 1287 2547 ad

165 2598 275 2635 navem
297 2574 495 2651 alligabatur,
525 2570 699 2643 debebant,
729 2579 764 2627 ut
790 2571 892 2628 veritis
910 2569 1085 2628 serentibus
1104 2574 1291 2635 reniteren-

165 2669 237 2734 tur,
261 2660 340 2717 tenti
363 2655 535 2715 necessario
558 2674 624 2711 esse
640 2674 748 2712 versus
769 2655 907 2732 puppim.
941 2654 1057 2712 Melius
1075 2651 1132 2715 hic
1152 2677 1291 2739 respon-

169 2742 223 2801 det
254 2744 352 2821 figura
381 2738 540 2819 Schefferi.
567 2736 629 2797 Ed.
656 2736 769 2817 Schff.
798 2758 829 2817 p.
856 2740 923 2797 158.
948 2759 1012 2818 seq.
1055 2737 1112 2798 De
1140 2742 1291 2803 chaniano

168 2826 249 2887 nihil
270 2847 347 2904 opus
368 2832 416 2883 est
444 2842 590 2890 monere,
619 2841 690 2881 cum
709 2822 762 2881 vel
785 2822 852 2903 ipse
879 2832 988 2881 noster
1016 2842 1089 2884 eum
1116 2824 1193 2887 aliia
1215 2826 1292 2889 locis

169 2914 241 2971 satis
262 2911 406 2969 declaret.
430 2908 531 2967 Gaas.

253 2997 335 3055 End.
355 2994 375 3050 l.
401 3012 429 3071 7.
453 2986 641 3070 Διμοιρῖτην
669 2984 691 3068 ἦ
718 2990 927 3071 τριμοιρίτην)
957 2993 1217 3070 Duplieiariuns
1236 3004 1293 3055 aut

137 3127 140 3131 .
168 3081 407 3159 triplicicrium.
451 3077 655 3158 Διμοιρίτης,
678 3079 727 3134 cui
749 3077 866 3154 duplex
888 3078 991 3155 portio
1020 3076 1136 3145 datur,
1169 3078 1293 3159 duplex

170 3184 291 3223 annona
313 3173 372 3223 etc.
397 3159 525 3223 Garun.
564 3163 615 3218 De
646 3160 693 3219 his
721 3162 829 3233 silent,
859 3162 913 3239 qui
935 3162 973 3221 de
994 3182 1028 3219 re
1049 3162 1183 3223 nautica
1203 3174 1294 3225 vete·

170 3269 240 3308 rum
261 3250 426 3326 scripsere:
448 3266 506 3304 nec
528 3246 601 3303 alibi
623 3254 740 3304 temere
762 3248 914 3323 posterius
937 3246 1092 3308 invenias.
1137 3247 1209 3307 Sed
1231 3248 1293 3307 dn·

168 3335 323 3411 plicarios
344 3332 435 3389 etiam
458 3340 543 3389 norat
564 3331 695 3403 Livius,
714 3350 803 3409 qnam
823 3329 894 3388 vide
915 3331 953 3389 L.
976 3327 1019 3390 II.
1039 3326 1186 3391 Consule
1206 3336 1294 3393 Tur·

172 3418 241 3479 neb.
273 3415 355 3477 Adv.
382 3412 473 3482 XXI,
502 3417 552 3473 28.
604 3414 799 3492 Stipendium
831 3424 932 3474 autem
961 3415 1097 3493 simplex
1135 3416 1294 3477 diurnum

172 3499 303 3561 Athenis
332 3509 396 3559 tres
426 3498 528 3575 oboli,
557 3517 612 3556 seu
639 3498 767 3556 dimidia
798 3494 952 3561 drachma.
975 3499 1096 3560 Sosin.
1143 3500 1234 3563 Cum
1253 3520 1296 3559 ex

172 3586 327 3644 contrario
356 3594 515 3663 appareat,
545 3580 597 3640 hic
622 3603 685 3640 non
706 3592 768 3641 tam
787 3582 825 3640 de
845 3583 1018 3660 stipendio,
1047 3593 1079 3641 et
1100 3586 1293 3657 commodis,

174 3670 325 3749 quamde
353 3689 481 3727 munere
512 3676 544 3725 et
575 3663 693 3725 honore
722 3667 785 3744 ogi:
815 3668 910 3725 malni
935 3666 994 3727 hoc
1017 3667 1127 3746 sequi,
1148 3668 1242 3749 quod
1262 3676 1296 3729 et

173 3752 297 3812 Scholia
327 3753 364 3812 ad
390 3751 421 3813 h.
441 3753 462 3810 l.
490 3752 625 3831 primum
653 3760 789 3827 ponunt,
818 3760 850 3809 ct
869 3772 886 3808 e
904 3752 1006 3810 Suidc
1026 3752 1156 3830 probari
1176 3762 1296 3835 potest,

174 3846 205 3894 et
224 3838 423 3896 confirmatur
438 3857 479 3895 ex
494 3838 625 3893 Aeliani
639 3835 785 3907 Tacticis,
804 3835 886 3915 apud
906 3857 997 3915 quem
1017 3855 1082 3915 pag.
1100 3856 1152 3896 20.
1172 3840 1293 3899 Blanc.

173 3912 263 4020 λόχος
290 3924 322 3980 in
349 3922 467 4000 aliquot
490 3914 662 3999 ἰνωμότιας
688 3918 855 3993 dividitur;
884 3919 996 3979 deinde
1022 3920 1143 3981 dicitur
1169 3942 1207 4003 p.
1239 3940 1293 3983 αι.

173 4030 231 4077 τας
259 4005 290 4067 δὲ
319 4000 374 4067 δύο
403 4005 574 4084 ἐνωμοτίας
602 4003 778 4084 διμοιρίαν,
805 4005 858 4069 καὶ
885 3998 939 4067 τόν
965 3998 1138 4085 ἡγούμενον
1166 4000 1294 4073 τούτων

175 4092 350 4175 διμοιρίτην
368 4088 498 4156 καλοῦσι
519 4116 546 4155 ιι.
569 4118 596 4153 r.
614 4094 641 4153 λ.
686 4092 756 4149 Hoc
784 4100 871 4151 certe
898 4100 1040 4169 apparet,
1070 4092 1295 4169 praefecturae
