2602 4702
166 264 243 345 6ss
388 272 999 337 'aanorarrouns

167 469 219 521 cat
240 454 351 537 Eurip.
371 451 520 519 Phoenic.
544 450 636 532 1539.
656 459 689 512 et
716 452 833 513 iterum
855 446 929 532 Ipb.
950 450 1052 517 Taur.
1071 472 1111 533 p.
1135 452 1214 517 416.
1254 456 1285 521 G.

170 547 264 625 Virg.
283 541 376 603 etiam
397 541 476 602 Aen.
497 534 547 599 Vi.
568 536 592 596 f.
620 538 738 607 sonan.
787 538 939 596 Mamilia·
964 534 1046 597 illud
1070 533 1284 607 ὖποσὸλοιὴω

167 626 259 689 eliam
280 624 500 688 Wielandium
517 622 552 681 in
571 619 604 681 h.
624 618 647 680 l.
669 620 802 695 vidisse,
830 629 862 680 et
891 618 967 679 adeo
996 619 1154 702 quidem,
1183 634 1222 685 ut
1244 636 1284 685 to-

168 721 235 773 tum
261 707 343 783 brine
367 709 487 780 locum,
516 724 608 784 quem
636 704 779 785 equidem
805 704 839 763 in
869 703 1114 781 elegantissimis
1145 710 1301 771 Luciaail

166 814 250 875 pono
260 836 269 862 ‚
289 794 382 852 etiam
402 789 602 871 praemittere
621 787 655 847 in
673 789 930 868 interpretatione
950 790 1116 867 potuerit,
1146 794 1206 853 vel
1227 785 1301 865 nra-l

166 878 253 939 xime
274 878 379 936 miror.
406 874 478 933 Non
503 873 606 951 potuit
626 881 734 932 auctor
755 873 794 931 ob
812 872 1070 952 προςωποποοΐαν
1098 876 1282 959 insequere
1300 861 1301 918 i

165 963 250 1022 tibus
272 960 393 1019 Neutra
413 956 575 1031 adhibere,
597 956 656 1015 nisi
676 957 709 1015 in
731 956 1074 1017 Grammaticaatrorum
1105 960 1202 1021 sorte
1222 935 1301 1070 gri-‘⁴

166 1047 252 1121 tiam,
272 1042 356 1123 quod
376 1040 536 1100 hominum
555 1032 650 1119 genua
669 1040 752 1119 josto
772 1060 894 1119 semper
912 1038 983 1099 odio
1007 1038 1141 1106 habuit.
1168 1040 1301 1112 'Euris-r

167 1152 233 1195 νων
253 1136 357 1187 autern
378 1134 411 1185 et
430 1120 549 1205 ὄνειρος
567 1124 641 1183 licet
661 1145 680 1184 e
703 1124 981 1185 Grammaticorum
1009 1132 1181 1203 sententia
1195 1130 1280 1193 ¹inter

168 1235 203 1273 se
223 1212 382 1280 differant,
399 1209 459 1270 boc
478 1218 581 1269 tamen
600 1209 672 1267 loco
692 1228 754 1268 non
775 1207 885 1281 minus,
906 1228 997 1287 quam
1019 1209 1114 1287 alibi,
1133 1214 1280 1277 ntScmr.
1299 1269 1301 1294 ὲ

168 1318 195 1360 s.
214 1296 284 1358 vit.
305 1314 333 1353 c.
358 1311 405 1368 17.
427 1294 602 1368 promiscue
619 1292 781 1353 Lucienus
802 1292 974 1371 usurpavit.
1009 1292 1172 1377 Denique
1192 1318 1212 1359 a
1232 1318 1279 1359 na·
1300 1303 1301 1354 ἴ

169 1381 255 1440 tione
275 1376 322 1437 rei
347 1369 398 1456 (ari
419 1369 563 1439 ἐνύπνιον
582 1375 669 1448 dico)
694 1376 733 1436 ad
759 1394 908 1455 personae
929 1374 1031 1437 ideam
1049 1373 1129 1453 (triv
1152 1376 1279 1463 ὄνειρον)

170 1470 259 1522 tanto
278 1461 379 1521 lenior
399 1456 430 1528 h.
453 1459 470 1517 Ι.
494 1460 531 1518 fit
550 1460 715 1534 transitus,
744 1479 841 1539 quum
865 1452 1009 1533 iciunae
1027 1464 1173 1543 proprie
1195 1468 1279 1547 Adje-

169 1548 286 1606 ctivum
308 1544 361 1612 sit,
381 1551 413 1601 et
431 1540 489 1606 τοῦ
507 1543 663 1619 ἐνυπνίου,
684 1564 745 1623 quo
765 1554 873 1603 auctor
894 1552 940 1603 eat
960 1564 1045 1623 usus,
1063 1556 1142 1609 tum
1165 1570 1278 1611 namen.

168 1629 284 1703 linum,
303 1636 371 1687 tum
389 1627 593 1695 femininum,
616 1629 754 1686 involvat
773 1646 877 1706 genus.
906 1629 1014 1689 Leuat.

251 1714 334 1774 End.
351 1712 371 1770 l.
394 1707 431 1777 3.
452 1705 548 1791 ‘Yus'p
568 1705 607 1775 aci
630 1708 821 1791 ἐσκαμμένα)
848 1712 922 1774 Vir.
942 1712 1060 1777 Zenod.
1093 1716 1156 1809 qni
1175 1716 1276 1799 Pbylb

168 1796 309 1875 Opuntia
331 1795 408 1855 fines
429 1796 593 1874 assignatos
608 1804 796 1873 transgresso
813 1799 961 1872 originem
974 1802 1147 1876 proverbii
1164 1804 1276 1865 tribuit

167 1883 306 1942 Mereor.
326 1878 365 1938 <le
388 1879 501 1958 Gymn.
524 1880 577 1952 II,
610 1899 659 1941 11.
690 1879 765 1957 (per
784 1878 873 1958 plana
892 1882 959 1939 loca
979 1882 1185 1945 continuatis
1201 1886 1275 1945 salti-

144 1965 226 2034 ‚bua
244 1964 393 2023 saltabant
414 2006 482 2028 ....
499 1963 682 2036 terminum,
708 1984 797 2044 quem
820 1963 970 2042 attingere
989 1984 1165 2043 magnam,
1199 1990 1274 2051 prae·

165 2050 263 2109 terire
282 2048 447 2106 maximam
473 2046 595 2106 laudem
621 2048 717 2106 fui-sse
743 2048 910 2107 verisimile
939 2056 1003 2117 est,
1032 2044 1079 2112 zai
1101 2050 1272 2135 &anenata

165 2130 337 2208 vocatum.)
380 2130 462 2189 Vide
479 2132 568 2193 Plat.
590 2123 758 2213 Κρατύλῳ,
784 2130 843 2191 Ed.
864 2133 940 2190 Bas.
960 2154 992 2211 p.
1016 2135 1070 2193 58.
1092 2135 1136 2199 B.
1166 2140 1270 2198 Sum.

248 2214 330 2279 Eud.
352 2213 373 2275 l.
391 2212 422 2277 4.
442 2208 647 2297 Ἐνδιατρίβει
664 2209 816 2296 ἀνεῳγόσι
840 2218 906 2289 τοῖς
927 2210 1020 2295 ipe.)
1050 2218 1174 2285 Thom.
1195 2222 1270 2301 Mag.
1299 2271 1301 2320 l

163 2296 240 2360 baec
258 2297 368 2359 eodem
387 2297 479 2359 modo
498 2297 590 2358 habet
607 2301 641 2360 in
662 2303 888 2365 ΛΝΕΩΓΕΝ.
913 2299 1029 2359 Rarna.
1260 2340 1269 2367 .

248 2383 330 2450 End.
350 2383 371 2442 l.
394 2384 425 2447 6.
451 2376 667 2464 Τριπόθηῑος)
690 2382 862 2443 Habuimus
883 2384 976 2443 etiam
995 2385 1030 2444 in
1052 2385 1183 2463 Quoin.
1203 2389 1270 2453 Hirt

163 2487 231 2546 cap.
249 2466 300 2533 31.
330 2465 396 2528 Cur
415 2467 513 2527 Salm.
535 2467 569 2526 id
585 2467 637 2526 hic
656 2467 843 2541 mutaverit,
863 2469 981 2542 nescio,
997 2468 1064 2541 pisi
1087 2472 1183 2551 quod
1206 2494 1271 2555 ope·

161 2569 266 2611 rarum
288 2551 378 2631 culpa
397 2545 545 2610 accidisse
562 2551 709 2615 arbitror.
727 2551 842 2610 Rarrz.
886 2550 937 2615 Cl.
958 2551 1054 2614 etiam
1075 2554 1231 2619 Hermot.
1246 2576 1271 2619 ε.

161 2633 182 2693 6
205 2634 346 2700 ‚Lenia

183 2654 202 2715 9
244 2718 327 2779 End.
341 2717 374 2781 1.
387 2707 577 2797 70‘anspoc
592 2713 968 2800 la'yarr)Additamentum
984 2717 1126 2786 videtur.
1149 2724 1270 2789 cuna:
1300 2727 1301 2730 ’

244 2800 328 2867 laid.
360 2792 406 2865 To*
419 2801 617 2884 μεμνῆσθαι,
641 2804 695 2866 sai
710 2798 849 2879 διιξιὲύαι
864 2804 912 2882 τι)
940 2806 1179 2871 Praeeuntibua
1206 2806 1277 2875 Mra.

160 2884 264 2964 Regia,
279 2883 371 2966 2955.
391 2896 422 2946 et
440 2890 533 2950 3011.
556 2888 700 2969 ejecimus
721 2888 799 2947 illud
820 2912 871 2965 aa,
899 2888 982 2968 quod
1003 2889 1086 2949 male
1107 2894 1213 2973 vulgo
1232 2896 1270 2953 le·

149 2971 291 3048 ¹gebatur
310 2979 380 3049 post
399 2969 686 3053 pcpvioaiassNon
708 2975 844 3051 agnoscit
866 2974 958 3032 etiam
977 2974 1016 3038 B.
1039 2974 1072 3038 4.
1099 2974 1181 3041 Brr.
1207 2978 1270 3039 Nor
1300 3003 1301 3040 1

160 3054 256 3133 vulgo
271 3054 349 3115 illud
362 3080 392 3119 u
409 3057 568 3135 legebatur
580 3066 651 3137 post
669 3054 858 3138 μεμνῆσθαι,
879 3056 979 3115 sedin
996 3056 1064 3115 sola
1077 3058 1191 3127 Reitz.
1206 3062 1269 3133 Ed.

160 3139 217 3199 ubi
241 3137 324 3199 haud
351 3139 444 3199 dubie
471 3161 559 3200 error
588 3148 655 3200 erat
674 3140 925 3221 typographicae.
968 3138 1121 3203 ceterum
1152 3139 1217 3223 ἦδῦ
1241 3138 1270 3210 ri
1300 3187 1301 3196 κ

160 3220 359 3302 μεμνῆσθαι,
380 3224 554 3283 meminisse
573 3230 688 3299 juvat,
707 3226 868 3305 proverbii
892 3244 990 3306 paene
1016 3224 1121 3287 instar
1143 3226 1269 3291 dictum·

162 3305 211 3365 Cf.
229 3308 321 3386 Nigr.
342 3328 369 3367 c.
389 3305 419 3372 6.
439 3308 529 3369 Tom.
549 3310 576 3370 I.
596 3328 626 3387 p.
647 3310 697 3369 31.
723 3309 831 3367 Laura.

245 3389 325 3451 End.
345 3392 367 3454 l.
392 3411 442 3455 110
468 3385 513 3454 Tri
530 3389 600 3470 aria)
616 3391 688 3451 Non
707 3394 782 3450 tanti
803 3390 866 3451 feci
885 3391 1084 3453 omissionem
1104 3394 1161 3455 R.
1182 3400 1271 3479 (quaa

158 3494 184 3533 c.
208 3491 238 3558 9.
257 3475 324 3534 eod.
345 3474 437 3535 modo
457 3469 531 3559 ἄχρι
552 3498 607 3556 pro
628 3469 666 3539 mi
685 3472 762 3557 ἄχρι
786 3474 894 3554 habat)
926 3486 961 3537 ut
989 3476 1164 3540 articulum
1194 3482 1272 3561 abji-

158 3577 270 3634 cerem,
294 3561 347 3639 qui
366 3560 452 3618 adest
471 3562 504 3618 in
524 3569 598 3619 cett.
621 3570 654 3619 ct
673 3580 749 3619 mox
768 3580 832 3638 cap.
857 3578 907 3623 20.
928 3561 954 3623 f.
974 3553 1059 3638 πλῆν
1078 3558 1121 3643 ati
1134 3560 1195 3627 νῦν
1213 3574 1270 3625 aba.

156 3640 259 3701 Nimis
278 3645 386 3701 tritum
407 3653 469 3718 est,
497 3643 650 3705 adverbiis
677 3644 826 3722 temporis
847 3664 943 3724 aeque
970 3666 1004 3704 ac
1025 3644 1199 3723 adjectivis
1217 3648 1270 3709 atl-

156 3726 336 3794 verbialiter
354 3729 461 3806 poaitis
482 3728 526 3785 sic
547 3726 618 3786 addi
637 3729 812 3803 articulum,
832 3748 889 3807 pro
910 3722 992 3792 κατεῖ
1013 3720 1051 3792 ri
1071 3726 1157 3809 νῦν,
1178 3752 1269 3833 paam

155 3817 192 3866 ut
215 3811 282 3888 quie
302 3812 443 3891 exempla
464 3810 620 3870 desideret
627 3834 636 3888 ;
659 3813 851 3891 frequentius
871 3822 974 3871 autem
994 3813 1028 3871 in
1048 3808 1133 3891 πρός
1149 3838 1190 3879 το
1205 3812 1260 3881 viu·

155 3889 244 3975 μέχρι
269 3892 328 3957 τοῦ
348 3891 424 3968 νῦν,
453 3915 543 3975 quam
570 3897 614 3954 sic
641 3897 788 3955 absolute.
830 3896 928 3955 Recte
946 3894 1123 3969 tamen'sie
1146 3898 1213 3961 dici
1232 3914 1266 3965 ευ

153 3973 227 4053 νῦν,
250 3997 346 4056 aeque
366 3999 401 4036 ac
420 3972 460 4041 ati
472 3972 623 4047 aarum.
647 3982 741 4052 olim,
760 3973 798 4044 ri
813 3974 961 4055 ἑωθινόν,
980 4000 1092 4055 mane,
1116 3992 1152 4043 et
1171 3978 1265 4047 simil.

152 4080 232 4141 quae
249 4070 322 4122 ante
342 4060 493 4141 vidimus,
513 4066 579 4127 Jov.
600 4066 691 4145 Trag.
711 4084 739 4128 c.
767 4068 816 4127 15.
836 4064 929 4126 facile
948 4064 1076 4145 colliges
1098 4086 1146 4131 ex
1164 4068 1264 4131 Diod.
