2602 4702
153 240 230 313 5ss
401 202 990 337 'annonarionns

157 466 161 475 ·
233 417 361 488 mi
385 415 618 502 11111111)
645 421 697 484 De
722 410 890 485 11οωί1111111
909 431 943 483 st
955 420 1134 484 -brutornnr
1155 428 1266 482 ntae-'-

153 508 312 592 morphosi
336 508 372 567 in
400 504 474 565 alise
497 505 613 566 formas
630 506 763 570 Ari-stat.
793 504 833 567 de
854 506 985 586 mirabil.
1005 506 1076 568 aud.
1105 503 1265 570 0111111.

152 593 242 659 XIV.
269 593 349 652 Met.
379 591 468 650 Ptin.
493 588 534 652 L.
568 585 651 654 VIII.
680 610 708 653 c.
734 608 786 653 22.
814 587 917 652 Arist.
944 590 986 653 L.
1007 590 1067 650 IX·
1094 610 1122 648 c·
1142 588 1197 652 36.
1220 589 1265 651 L.

67 696 72 703 ’
150 680 240 739 VIII.
263 696 291 739 c.
315 676 345 735 5.
366 674 466 732 Sottn.
486 672 525 730 L.
545 672 606 735 IX.
626 672 712 754 Aug,
732 673 774 742 L.
791 671 915 736 XVIII.
931 672 971 733 de
991 668 1061 735 civ.
1080 671 1154 750 Dei,
1168 692 1196 732 c.
1211 672 1264 736 16.

154 766 247 843 Virg.
268 759 337 820 Ecl.
357 753 445 818 VIII.
462 755 565 818 Coos.

236 847 322 921 Peg.
347 841 416 904 136.
435 840 457 900 l.
477 842 507 902 8.
525 834 696 921 Ἀποδῦου)
715 839 765 903 Ab
781 840 904 902 athletis
919 836 1107 923 metaphora.
1125 838 1265 903 Gerar.

151 928 233 991 Satis
254 934 339 1008 patet
367 945 409 984 ex
436 934 584 1004 sequente
611 926 666 991 stul
692 919 927 1009 γυμναζόμενος.
976 925 1038 987 Sed
1067 932 1100 984 et
1127 943 1171 983 ex
1187 922 1264 984 aliis

152 1013 279 1092 adjectis
305 1009 378 1069 satis
404 1018 561 1090 apertum,
597 1029 661 1070 non
691 1011 793 1071 solum
827 1011 867 1070 ad
897 1008 1157 1090 expugnationem
1187 1005 1262 1088 ejus

153 1098 287 1170 mentis,
309 1103 346 1153 ut
372 1091 559 1160 sicdieam,
586 1088 641 1177 qui
667 1114 779 1154 crema
804 1094 964 1169 resciscat,
989 1090 1119 1173 respici3
1147 1090 1262 1151 sedet

150 1177 304 1259 nequitias
325 1177 418 1236 simul
438 1178 610 1239 amatorias.
648 1175 769 1239 Eodem
787 1177 884 1239 verbo
901 1169 1157 1241 inottsseatde
1171 1184 1260 1235 stre-

150 1264 222 1323 nuis
248 1261 441 1338 potatoribus
467 1260 569 1318 Persis
600 1260 699 1322 utitur
726 1262 853 1324 Aeliae.
879 1260 918 1317 V.
947 1261 1032 1323 Hist.
1060 1258 1135 1332 XII,
1165 1277 1197 1320 1.
1221 1272 1259 1359 p-

151 1346 223 1425 659.
243 1344 304 1407 Ed.
315 1347 430 1426 *Parin
451 1345 481 1406 oi
501 1339 626 1427 Πέρσαι
641 1377 682 1392 -
700 1348 794 1412 111111
813 1336 891 1429 apia
907 1335 963 1409 iis
980 1336 1093 1417 πότον,
1111 1335 1156 1414 οἷς
1173 1364 1260 1423 προσ

150 1425 322 1494 destricios
350 1419 566 1509 ἆποδυόμεοοι.
600 1429 686 1489 Idem
713 1431 756 1506 H,
784 1430 837 1492 30.
859 1430 886 1493 s.
920 1420 1171 1492 asisinatium
1206 1424 1261 1489 e'ni

155 1508 337 1595 Ιφιλοσοφίᾳ,
361 1525 393 1571 et
419 1514 561 1607 acqinrit
582 1533 613 1571 se
641 1514 688 1574 ad
702 1512 948 1593 philosophiam.
974 1508 1122 1588 Atctptr.
1142 1511 1170 1570 Ι.
1193 1508 1258 1591 Ep.

28 1626 32 1632 ·
151 1600 205 1674 37.
233 1616 299 1676 pag.
330 1610 400 1683 170ξ
431 1595 471 1658 s’u
505 1595 623 1659 inrisos
649 1591 710 1681 7130
735 1593 759 1675 ἦ
781 1594 946 1681 Ἐρπολλῖς
972 1586 1184 1668 irradiasset,
1212 1594 1259 1655 bd

148 1681 225 1741 huic
243 1679 466 1739 auxiliandum
484 1681 649 1758 Herpyllis
667 1703 699 1740 se
720 1684 874 1762 accissget.
894 1682 1011 1741 Rntrz.

233 1765 318 1827 Eud.
339 1763 362 1829 l.
387 1784 436 1828 11.
464 1760 581 1829 Δοῦλοι
598 1760 675 1848 reip)
704 1767 827 1844 Quibus
854 1768 888 1827 in
908 1764 1049 1825 domibus
1067 1768 1122 1822 aut
1139 1761 1258 1840 petest.

149 1854 203 1908 1111
229 1847 351 1907 meteri.
378 1848 524 1928 nequiter
549 1848 774 1931 libidinoseque
797 1850 893 1926 visit,
922 1848 958 1909 in
983 1849 1028 1907 eis
1057 1846 1164 1906 iervos
1190 1864 1259 1905 non

149 1950 216 1992 esse
241 1951 366 2006 servos,
401 1951 502 2012 neque
533 1935 688 1993 communi
716 1932 894 2013 conditione
919 1931 1078 1994 servitutis
1106 1931 1171 2001 uti,
1200 1928 1258 1999 sed

144 2014 275 2077 liberius
291 2024 323 2075 et
335 2016 477 2076 licentius
496 2016 612 2093 vivere,
633 2017 811 2098 quotidiana
827 2017 918 2078 docet
935 2013 1136 2099 experientia.
1146 2011 1257 2071 Cosa.

230 2100 310 2158 Eud.
329 2099 353 2163 l.
380 2101 426 2160 15.
455 2099 658 2182 Πολοίοτρα)
684 2103 793 2161 iocose
820 2102 953 2162 inditum
980 2095 1109 2159 ancillae
1125 2116 1258 2171 nomen,

146 2189 184 2243 nt
203 2204 250 2265 ap.
270 2187 380 2243 Plaut.
399 2185 434 2243 in
457 2183 574 2253 Cistell.
595 2185 716 2248 cuidam
736 2189 947 2264 Gymnasium.
968 2185 1072 2245 Coos.
1133 2203 1136 2212 ¹

233 2268 316 2345 Pag-
340 2267 412 2345 157.
432 2269 455 2333 l.
481 2287 509 2332 1.
527 2264 578 2332 'H
592 2268 624 2331 di
643 2263 744 2351 <inpie
762 2269 835 2350 ἡμῖν
855 2264 959 2349 ὖγροῖς
976 2262 1169 2338 instantivus,
1188 2288 1259 2341 μοι·

146 2343 360 2433 uictoriatos
382 2349 524 2415 ἐνταῦθα
541 2347 729 2433 instirpare.
748 2351 770 2430 ἦ
790 2355 823 2416 δὲ
846 2347 968 2433 σφόδρα
986 2344 1047 2429 γοῖρ
1068 2348 1141 2421 effi)
1163 2348 1259 2409 Ver·

147 2444 237 2507 tunt,
258 2438 337 2492 Tum
358 2436 436 2508 itta,
459 2436 558 2494 lumbi
578 2439 710 2513 agiliter
727 2449 886 2494 moventur
899 2468 942 2482 -
955 2436 1019 2492 Illa
1040 2428 1206 2507 impudens
1224 2444 1260 2491 et

145 2518 237 2581 eura
261 2528 359 2596 gratu
383 2519 514 2594 puella,
544 2519 694 2596 Fugerit,
727 2519 848 2596 inquit,
881 2519 1067 2576 adolescens.
1114 2512 1157 2570 At
1184 2533 1257 2574 non

144 2607 249 2678 potest
275 2601 314 2659 ab
341 2602 487 2658 meiano
513 2601 634 2660 venisse
663 2597 715 2658 hic
731 2601 807 2659 ordo
826 2600 992 2671 narrandi,
1017 2606 1055 2677 111
1073 2595 1154 2657 illud
1173 2591 1196 2674 ἦ
1219 2598 1257 2662 δὲ

117 2710 122 2723 =
146 2680 223 2741 duas
245 2681 389 2761 periodos
408 2702 443 2742 se
462 2683 598 2744 invicem
617 2692 782 2766 sequentes
798 2682 943 2763 111111οέ1,
963 2703 1000 2743 ea
1016 2681 1192 2759 notatione,
1205 2691 1256 2742 ut

144 2763 297 2844 significet
322 2786 486 2846 personam
504 2767 670 2848 loquentis.
710 2768 755 2828 Et
781 2787 857 2848 quae
877 2770 935 2833 1111
952 2767 1003 2828 sui
1021 2764 1158 2827 laudatio
1178 2766 1254 2826 est?

143 2847 243 2910 Immo
261 2849 354 2911 etiam
373 2847 449 2911 haec
467 2851 584 2932 ineptia
604 2872 669 2912 non
693 2851 785 2914 latuit
802 2853 1011 2935 interpretes,
1042 2851 1097 2932 qui
1114 2869 1179 2908 non
1200 2850 1253 2911 bis

144 2942 273 2993 vertunt
297 2947 365 2994 tum
400 2937 477 3011 itta,
507 2935 590 3017 quod
612 2936 726 2999 'lacere
764 2936 934 2997 debuerant
964 2936 1074 2997 attenti
1109 2932 1251 2993 Graecis.

143 3010 305 3078 Praeclare
331 3015 386 3077 has
413 3021 518 3079 turbas
545 3019 665 3081 sanavit
693 3041 728 3080 ac
756 3022 897 3091 restisuit
922 3031 1029 3101 pater,
1055 3014 1127 3093 eidi
1141 3012 1252 3098 ¹o'opric

144 3094 187 3179 οῆ
206 3100 262 3182 μὲν
282 3098 386 3186 ν’γροῖς
405 3101 595 3169 11111111οεῖ111-
615 3097 770 3187 μοκοῖροος
785 3115 845 3167 etc.
866 3116 902 3164 nt
921 3109 985 3169 sint
1004 3102 1099 3164 verba
1117 3101 1252 3161 laudan-

59 3216 62 3221 ·
144 3185 185 3246 tis
205 3187 346 3265 juvenis,
371 3186 563 3270 dicentisque
583 3191 683 3249 lumbi
708 3190 832 3270 quidem
852 3192 904 3251 tui
925 3191 1055 3267 agiliter
1075 3205 1152 3256 ntov.
1196 3186 1251 3245 Sic

146 3269 249 3329 omnia
268 3268 344 3330 haec
365 3271 465 3350 plena.
506 3273 624 3333 Verum
642 3275 801 3353 sequentia
817 3273 896 3333 mire
911 3273 1162 3331 administrantur
1181 3268 1249 3345 illa,

144 3350 276 3429 11111τῆ1
297 3346 362 3418 cirri
387 3353 445 3433 τῆς
469 3357 642 3439 θεραπείας
669 3348 782 3434 ὀδύνης
809 3350 978 3439 ἀρδόμενος
997 3348 1045 3417 cisi
1064 3348 1174 3438 sivein.
1191 3354 1250 3413 ubi

142 3439 340 3498 Basileenses
360 3449 495 3517 vertunt,
513 3447 607 3516 cujus
628 3462 738 3500 curam
756 3442 846 3499 baud
856 3443 962 3520 facile
983 3438 1161 3514 sustinebis,
1180 3439 1250 3496 Be-

142 3521 303 3583 nedictus.-
322 3528 415 3598 cujns
438 3529 632 3584 curationem
649 3523 740 3583 baud
748 3524 853 3603 facile
873 3522 1050 3598 sustinebis,
1068 3541 1146 3603 quae
1166 3520 1250 3580 nihil

141 3599 264 3665 iaciunt
284 3605 323 3665 ad
342 3615 468 3687 'scopum
490 3619 522 3667 et
537 3609 660 3687 plenam
679 3617 801 3686 captato
822 3608 894 3668 lusu
916 3609 1087 3668 Palaestrae
1108 3606 1250 3665 enormi·

141 3697 248 3749 tatem.
286 3689 379 3750 Pater
406 3689 586 3770 adscripsit,
615 3689 652 3754 F.
677 3685 800 3769 ἡδονῆς.
848 3691 1130 3768 Vertebatigitur,
1155 3701 1186 3746 et
1205 3688 1248 3747 ab

144 3777 217 3851 ipsa
238 3778 411 3833 curationis
439 3777 600 3854 uoluptate
630 3778 784 3855 irrigatus
811 3798 931 3854 semper
957 3775 1135 3834 sustinebis.
1174 3770 1250 3832 Nisi

142 3857 234 3936 plane
255 3860 397 3936 oxymori
417 3859 550 3939 speciem
569 3861 603 3919 in
626 3860 747 3938 vulgata
766 3861 901 3920 lectione
922 3878 1086 3940 agnoscere
1102 3855 1249 3932 velisnns,

144 3951 176 4001 et
201 3942 239 4000 ab
269 3943 336 4022 ipso
364 3945 530 4003 curationis
561 3943 667 4004 dolore
687 3942 846 4033 irrigatum
864 3942 964 4018 dicat,
984 3952 1021 4003 111
1040 3942 1116 4004 licet
1134 3940 1249 4001 dolore

138 4025 252 4107 'plenus
274 4036 305 4089 et
323 4025 419 4091 miser
440 4028 496 4107 sit,
518 4048 640 4110 semper
656 4018 760 4101 tsm'on
777 4028 876 4093 adhuc
902 4029 998 4096 veliti
1029 4025 1112 4111 quod
1137 4024 1249 4108 judivo
