2602 4702
141 242 221 317 610
421 210 994 307 Alimo't‘t'l'lo'xssq
1078 313 1081 317 Ι

229 419 313 487 Eud.
328 416 353 481 l.
372 436 405 497 ρ.
422 406 669 494 ’Βοτρυφοῖντοο
684 407 741 475 sal
752 404 816 477 tois
828 410 909 499 riaip
924 406 1042 489 adroic
1060 406 1265 479 κατοπτῦοο-

145 512 216 589 m)
231 498 304 573 ‘qn'
327 492 441 571 αὗιοῦς
458 497 622 577 legendum
642 496 776 560 videtur.
798 501 929 564 Gerar.
975 502 1052 561 Sine
1072 500 1182 561 dubio
1202 518 1265 558 eor·

146 593 312 677 figendum
332 579 386 651 ὑπ’
409 578 526 657 αυτοῖς.
569 581 656 658 Quid
685 583 792 643 enim?
814 590 865 647 An
888 594 1032 665 potentes
1053 584 1109 643 illi
1131 592 1170 645 et
1192 576 1266 643 deli-

146 680 246 747 catuli
261 668 341 747 ¹eos,
365 671 420 751 qui
446 689 480 727 se
509 668 640 746 majores
665 676 772 737 erant,
809 670 1032 731 contumeliose
1060 666 1267 739 habueruutl

146 768 251 829 Immo
275 778 348 828 eos,
376 752 430 835 qui
456 752 515 809 sibi
543 751 674 825 subjecti
702 761 808 826 erant,
839 756 938 834 (quod
960 752 999 813 ad
1021 750 1267 833 Sardanapalum

125 856 128 861 ⁴
149 850 286 911 maxime
301 834 516 914 referendum)
532 835 726 895 contumeliis
739 837 911 899 insolenter
926 836 1170 917 proculcarunt.
1185 836 1267 899 tara

148 928 223 1011 ,Ὑφ’
244 925 351 997 adroic
368 923 429 985 Me.
450 918 515 981 Ox.
535 927 632 981 recte.
653 919 690 978 Iu
710 920 747 983 P.
767 916 820 983 ὑπ’
838 917 964 996 αυτούς.
984 922 1119 983 semim
1134 912 1195 983 ὕπ’
1219 912 1269 985 uti·

151 1017 221 1090 ςοῖς
240 1010 373 1073 volebat.
415 1004 482 1083 Ego
512 1003 603 1062 etiam
632 1003 666 1061 in
695 999 928 1081 καταπτύοντες
948 1004 1066 1085 aliquid
1097 1002 1214 1075 ruendi
1231 1004 1270 1065 ls-

152 1114 223 1165 tere
242 1104 328 1176 puto.
369 1090 489 1149 Forsan
516 1088 666 1165 scriptum
693 1087 794 1149 suerat
814 1087 1077 1161 autonomiam,
1112 1088 1272 1169 uti-supra

153 1186 281 1247 dixerat
305 1171 529 1252 πατουμένους.
583 1169 678 1230 Certe
710 1174 800 1235 aliter
826 1177 906 1236 solet
933 1172 1075 1235 construi
1106 1164 1272 1239 κατυπτῦυ

153 1269 209 1331 vel
244 1254 470 1338 adrumetinam.
508 1252 590 1314 Vide
616 1265 682 1339 npt.
712 1257 750 1316 ad
778 1260 872 1325 Diali.
898 1260 1012 1321 Morti.
1040 1256 1128 1320 XX.
1157 1258 1274 1323 Soram

156 1349 271 1436 (immo
290 1353 375 1404 recte
398 1342 535 1422 genitivo
554 1332 721 1417 jungitur.)
766 1343 835 1403 Non
855 1343 995 1403 dubitavi
1025 1332 1095 1407 riuti
1115 1360 1182 1421 pro
1203 1338 1275 1423 dale

158 1456 203 1499 τι
223 1430 343 1491 duobus
365 1424 465 1489 Codd.
483 1424 631 1502 recipere,
653 1424 735 1504 quod
754 1429 857 1486 Jansii
876 1438 906 1487 et
927 1428 1040 1505 Guyeti
1057 1424 1276 1525 conjecturam
1300 1459 1301 1500 t

158 1516 340 1581 confirmat,
375 1520 408 1570 et
441 1505 480 1569 ad
512 1526 636 1567 sensum
663 1511 853 1590 requiritur:
886 1530 957 1571 nam
984 1509 1043 1577 etsi
1069 1502 1122 1573 aiu
1161 1504 1277 1585 ου’τοῖο

160 1598 248 1685 quod
276 1595 315 1657 ad
338 1591 607 1672 orthographiam,
635 1613 757 1672 quoque
783 1615 854 1655 cum
881 1595 987 1665 lensio
1014 1592 1170 1655 liic'fere
1191 1616 1278 1677 pru·

159 1690 296 1755 semem,
320 1681 416 1739 satius
444 1687 547 1737 tamen
577 1673 654 1737 duxi
682 1676 806 1739 Codicis
833 1680 1018 1759 scripturam
1050 1676 1172 1759 aequi,
1206 1700 1277 1761 quae

162 1788 287 1831 sensum
312 1763 416 1825 reddit
440 1780 558 1821 sanum.
605 1758 649 1818 Et
678 1761 753 1822 licet
779 1765 937 1843 vulgatum
963 1755 1044 1843 rindp
1071 1755 1221 1839 αὖτοῦς,
1245 1762 1277 1825 ab

166 1856 302 1915 Gesnero
326 1866 526 1917 conversum,
551 1856 582 1903 et
613 1847 744 1905 multum
773 1868 805 1908 sa
833 1850 1085 1927 praestantiores
1115 1850 1210 1907 viror
1230 1848 1277 1907 de·

165 1947 332 2016 spuentes,
353 1929 455 2012 primo
476 1929 622 2007 adspectu
645 1932 776 2006 probum
793 1931 955 2005 videatur,
974 1952 1010 1990 ae
1030 1928 1123 1995 Dial.
1146 1952 1221 2015 aeq·
1237 1940 1278 1996 at·

167 2041 229 2103 que
256 2016 338 2096 apud
360 2016 435 2075 alios
474 2014 565 2073 etiam
592 2012 652 2072 hoc
679 2016 851 2095 significatu
879 2024 1040 2090 occurrat3
1078 2024 1196 2083 tamen
1220 2034 1276 2077 ren

164 2102 297 2189 propius
325 2097 460 2159 intuenti
487 2096 621 2177 patebit,
656 2110 770 2178 quanto
798 2100 902 2180 potior
927 2101 969 2160 sit
995 2097 1095 2161 lectio
1121 2100 1272 2163 restituta.

167 2190 273 2265 Quem
292 2186 373 2244 enim
383 2223 394 2253 ,
417 2180 546 2263 quaeso,
571 2202 665 2261 supra
683 2205 716 2244 se
734 2184 867 2249 babebat
891 2184 1121 2263 Sardanapalua
1148 2184 1274 2251 similer·

167 2293 231 2354 que
251 2266 400 2347 tyranni?
430 2286 509 2326 anne
532 2285 612 2341 pero
639 2270 773 2348 simplex
800 2279 833 2331 et
859 2288 933 2329 vera
953 2280 999 2329 eat
1018 2268 1191 2345 narratio,
1217 2284 1276 2331 eun

160 2374 276 2423 ‚omues
296 2349 437 2412 subditos
458 2351 681 2413 contumeliose
699 2363 844 2415 tractasse
851 2397 860 2428 ,
877 2354 976 2434 iisque
996 2352 1195 2415 inaniterne?
1221 2354 1277 2413 De·

168 2460 240 2501 mus
257 2448 377 2510 tamen,
398 2434 480 2514 quod
499 2435 604 2512 negari
625 2457 688 2518 non
710 2447 829 2517 potest,
848 2458 919 2497 eum
942 2437 1034 2497 etiam
1055 2436 1139 2496 viria
1158 2458 1198 2499 ae
1219 2456 1279 2497 me·

124 2578 133 2589 ,
168 2523 300 2583 lioribua
327 2520 496 2589 insultasse.
539 2519 583 2577 At
608 2518 666 2578 hoc
694 2523 794 2600 ipsum
819 2526 879 2602 jam
907 2542 970 2581 non
989 2518 1198 2583 excluditurr
1219 2538 1281 2583 unu

170 2608 255 2666 inter
279 2604 426 2679 dignitate
448 2601 611 2659 inferiores
639 2606 730 2663 etiam
758 2617 847 2665 eraut
871 2606 1027 2667 meliores.
1069 2603 1284 2671 contemserit

170 2687 362 2770 praefectum
382 2684 550 2743 Arbustum
571 2686 810 2767 sardanapalus,
833 2689 886 2749 aed
905 2689 1086 2765 meliorem,
1116 2688 1208 2765 (vid.
1227 2690 1283 2749 Ju-

172 2777 249 2834 stin.
269 2771 294 2844 Ι,
315 2770 360 2840 2.)
382 2768 523 2845 ambigue
544 2777 647 2830 tamen
668 2774 762 2831 nimis
783 2775 849 2855 ejus
869 2774 966 2833 virtus
985 2793 1022 2832 eo
1041 2772 1297 2849 significaretur¹

165 2856 202 2917 ai
218 2849 297 2936 riardo
318 2844 374 2917 adr
393 2848 642 2934 Σαρδανάπαλον
663 2854 834 2933 diceretur3
863 2878 958 2944 quare
978 2856 1061 2937 quod
1082 2853 1224 2935 planum
1244 2864 1285 2917 rat

175 2950 209 3000 et
230 2958 339 2999 verum
361 2934 565 3016 praeferendo
585 2960 728 3017 peccare,
757 2964 848 3024 quarn
870 2954 993 3015 coacta,
1023 2950 1060 3007 ut
1080 2939 1285 3009 uidebantur,

177 3024 249 3082 dare
279 3018 385 3085 malui.
426 3023 460 3091 si
488 3018 691 3096 aberravero,
719 3028 871 3086 Gesnerus
901 3027 934 3085 in
956 3022 1090 3087 Praesat.
1118 3044 1175 3085 me
1196 3024 1286 3085 euti-

180 3109 278 3191 gabit3
298 3108 396 3166 lector
416 3114 518 3166 autem
540 3108 693 3185 vulgatam
712 3112 865 3188 potiorem
885 3110 1084 3183 existimans,
1111 3116 1188 3169 eant
1208 3107 1287 3179 reti·

180 3207 253 3250 aere
273 3189 397 3269 poterit.
437 3191 495 3250 Est
523 3192 664 3270 vulgatae
693 3195 810 3273 aliquid
838 3194 984 3273 praesidii
1011 3193 1045 3251 iu
1065 3192 1179 3253 verbis
1198 3196 1289 3275 prae·

180 3276 292 3342 missis,
314 3274 478 3357 χαρίεντας
497 3272 628 3351 πολλοὺς
645 3314 683 3326 -
699 3271 762 3341 dud
786 3272 934 3362 χτορόοωυ
953 3272 1191 3354 πατουμένους,
1218 3275 1288 3359 qui-

182 3354 234 3417 lus
256 3358 400 3418 similiter
420 3362 639 3439 conqueritur,
662 3367 899 3441 praestantiores
917 3364 954 3421 ab
975 3360 1188 3423 inferioribus
1203 3358 1287 3421 ludi·

184 3437 250 3501 trio
284 3440 401 3501 haberi.
455 3443 517 3502 Sed
552 3448 662 3505 melius
691 3448 913 3526 Sardanapalo!
941 3446 1002 3525 jam
1028 3443 1146 3503 dieitur
1180 3442 1290 3507 eaden

187 3540 287 3598 nore,
313 3546 374 3605 quo
403 3528 578 3604 superiores
607 3531 639 3588 in
667 3532 739 3590 navi
760 3532 903 3591 collocati
922 3523 1168 3609 (licetindigui)
1189 3526 1289 3589 msul-

186 3612 249 3667 tart
275 3610 478 3668 inferioribus
503 3611 712 3689 dignioribus,
739 3615 890 3696 despuere
916 3617 950 3674 in
977 3612 1061 3672 insra
1090 3632 1125 3671 se
1155 3614 1289 3693 positos,

187 3686 272 3763 (liar
286 3702 319 3750 et
340 3693 364 3751 ii
385 3714 495 3754 revera
515 3698 579 3756 sint
597 3695 764 3779 digniores)
791 3700 930 3780 adeoque
957 3698 1009 3758 vel
1028 3697 1180 3757 restituta
1198 3694 1292 3757 lectio

186 3770 232 3829 nic
247 3776 414 3837 accuratius
444 3779 589 3841 cohaeret
615 3803 687 3841 cum
716 3785 910 3863 praemissis,
938 3782 976 3841 ad
1004 3799 1082 3863 quae
1103 3788 1197 3841 certe
1215 3778 1293 3841 bauo

187 3871 261 3910 suni
274 3861 411 3938 aptanda.
430 3862 543 3925 Rama.
584 3867 706 3927 Bonum
729 3868 843 3929 sautum
865 3876 952 3947 puto,
970 3864 1053 3947 quod
1072 3872 1247 3945 receptum
1260 3864 1295 3925 in

184 3944 357 4004 contextum
379 3955 411 4005 et
428 3947 717 4029 interpretationem
737 3952 816 4013 illud
837 3947 892 4032 ὑφ’
912 3947 1032 4025 adroic.
1047 3948 1164 4011 Gara.

269 4022 347 4106 ²28·
365 4028 435 4094 283.
457 4033 478 4093 l.
501 4036 530 4095 8.
559 4028 702 4118 Πρῶρος
721 4030 918 4120 ἐπιμελητής)
939 4025 1095 4120 Πρυρεύς
1118 4028 1177 4095 hic
1197 4028 1293 4113 vulgo
