2602 4702
154 280 229 351 636
328 284 350 365 ,ἵ
428 294 1080 365 annotandum„

151 487 247 535 num,
277 472 379 543 potest
406 471 509 523 λεεωεν]
538 463 708 523 coccineus·
726 462 820 523 serti.
859 462 1037 541 ·Hysginus.
1068 461 1159 520 ausim
1187 460 1276 519 color

152 550 374 627 conficiebatur
398 569 438 607 ex
461 567 614 626 purpura,
642 567 720 624 quae
739 548 866 606 coccino
889 544 1220 625 superinducebatur,
1242 553 1276 603 ut

153 634 270 692 dudum
294 632 429 691 docuere
450 631 510 695 viri
531 629 709 688 doctissimi.
739 628 820 688 Vide
850 631 985 694 Salmas.
1008 628 1183 690 exercitat.
1208 628 1275 685 Pli-

126 721 237 791 ¹niam.
266 714 392 778 ΟΜΝ.
435 713 515 772 Puto
542 734 615 790 ego,
645 714 775 772 Graevii
803 713 968 787 codicem,
996 723 1032 771 nt
1058 712 1193 793 aliasin
1215 708 1274 773 hoe

152 798 295 879 dialogo,
317 801 362 859 ita
382 798 445 866 liic,
468 798 587 855 librarii
606 795 801 857 sedulitatem
817 819 948 878 passum.
990 796 1074 857 Nam
1092 794 1182 875 illud
1202 795 1282 877 qui<

150 884 240 959 dem,
268 876 346 947 daci
373 875 468 962 ῥάκια
492 873 532 943 cai
559 874 696 959 neruosi,
727 882 771 940 ita
791 880 982 941 Lucisnenm
1003 889 1068 949 est,
1088 889 1130 939 ut
1149 880 1210 961 qui
1228 878 1276 939 illi

151 978 293 1047 ereptum
313 977 382 1033 eat,
412 986 474 1023 non
493 984 583 1024 nosse
606 965 710 1025 virum
730 964 891 1025 videatur:
913 964 1120 1025 ostenderunt
1142 964 1275 1043 copiose

59 1040 68 1063 ‘
149 1052 215 1117 viri
234 1052 320 1111 docti
347 1050 385 1109 ad
412 1048 506 1107 Diall.
531 1048 640 1112 Mortt.
674 1066 719 1123 ιο,
741 1046 771 1112 li.
813 1047 875 1108 Sed
895 1069 996 1128 neque
1016 1068 1080 1107 non
1100 1046 1275 1107 commode

149 1134 202 1213 (in
222 1134 336 1197 sutoris
355 1132 534 1211 praesertim
558 1127 723 1192 semidocti
743 1136 886 1193 seimona
906 1132 1074 1205 familiari,
1098 1141 1133 1191 et
1155 1130 1200 1189 ad
1223 1151 1275 1191 aa·

66 1236 69 1243 “
149 1221 299 1300 pientiam
326 1214 546 1275 ostendendam
575 1216 722 1296 abrupto)
748 1218 836 1297 jungi
863 1216 1010 1277 videntur
1047 1217 1112 1275 ista
1140 1206 1276 1283 ἅπαντα

150 1304 250 1367 ἰννῖνα
277 1292 438 1377 ἐξελαύνει.
483 1300 572 1376 Quae
591 1299 793 1361 absconderat
811 1301 989 1379 Drimylus,
1008 1320 1087 1379 quae
1108 1303 1275 1381 attingere

150 1408 241 1446 ausus
268 1405 333 1444 non
363 1385 484 1457 fuerat,
509 1404 544 1442 ea
573 1384 680 1443 Simon
701 1389 818 1464 exigit,
839 1382 1032 1465 protrahit-e
1052 1384 1224 1459 tenebris,
1243 1392 1281 1445 et·

148 1466 278 1550 prodire
312 1471 345 1528 in
383 1469 483 1527 lucem
513 1476 606 1548 atque
640 1479 839 1547 conspectum
865 1470 974 1550 jubet,
1003 1467 1077 1527 dum
1110 1468 1196 1527 illis·
1212 1488 1274 1549 qua

150 1553 254 1627 domi,
271 1566 340 1633 qua
368 1552 399 1610 in
424 1551 564 1631 publico,
592 1551 694 1611 utitur
719 1561 780 1615 etc.
821 1553 856 1611 Si
885 1549 929 1633 τῷ
960 1542 1115 1626 ἐξελαύνει
1145 1552 1274 1633 placeat

149 1639 306 1695 solennem
329 1635 430 1710 illam,
458 1637 492 1694 in
512 1656 592 1713 equo
614 1636 665 1695 vel
686 1654 780 1695 curru
794 1637 982 1715 procedendi
1002 1636 1272 1715 significationem

147 1740 289 1780 servare:
318 1729 391 1780 tunc
419 1714 551 1798 ἅσμενος
577 1717 657 1778 illud
683 1719 871 1800 jungendum
902 1740 972 1779 cum
998 1720 1212 1809 περιλείχων,
1240 1728 1271 1781 et

147 1802 380 1879 intelligendum
403 1803 442 1863 ad
471 1798 600 1868 ἅπαντα
620 1802 736 1880 ἒκεῖνα,
765 1813 893 1884 etquae
912 1814 1107 1885 sequuntur,
1130 1806 1270 1867 verbum

147 1884 222 1965 ἔχει
245 1888 344 1947 Gaas.
391 1887 466 1947 Non
493 1888 703 1967 improbamus
732 1908 803 1977 epm
829 1891 943 1947 Βελίαν
970 1887 1162 1968 scripturam
1194 1890 1269 1949 Mas.

148 1969 244 2049 Regg·
275 1974 367 2048 2955.
396 1980 429 2029 et
455 1968 549 2033 5011.
579 1970 623 2030 sic
652 1969 883 2032 exhibentium:
909 1967 1038 2037 ἅπαντα
1056 1965 1270 2047 {sanasset

148 2050 224 2127 sude
244 2050 357 2135 ripaue
376 2049 517 2134 Σίμωνός
536 2055 618 2120 ἔστι·
640 2056 696 2120 sel
716 2053 774 2120 νῦν
793 2054 911 2131 ἐκεῖνος
931 2054 949 2121 ὁ
968 2052 1008 2121 rui
1028 2053 1129 2139 ῥάκια
1147 2051 1197 2121 aa?
1214 2082 1270 2121 ιιι·

148 2133 250 2221 sepsi,
278 2136 297 2203 α’
324 2133 360 2205 ιδ
380 2133 528 2220 τρύβλιον
558 2144 739 2223 περιλείχων
769 2135 932 2223 (nepisina
949 2142 1019 2201 vult
1044 2139 1133 2201 idem
1155 2138 1213 2205 v'ir
1233 2142 1268 2203 ol.

146 2224 216 2284 sine
236 2233 341 2299 causa)
360 2220 494 2305 ἅσμενος
511 2220 680 2299 ἐξελαύνει,
712 2223 801 2285 Nihil
820 2237 923 2286 tamen
944 2226 1100 2303 vulgatam
1123 2228 1267 2290 mutavi·

146 2320 234 2380 maii,
265 2330 390 2389 esque
416 2329 538 2368 sensum
565 2308 648 2369 haud
677 2302 981 2369 a'bsurdumelieuif
1001 2311 1169 2369 Gesner-us.
1191 2302 1266 2371 Biz.

146 2394 290 2454 Extorsit
310 2394 480 2475 Gesnerus,
506 2413 568 2453 non
595 2394 711 2457 elicuit.
752 2394 831 2453 Nam
853 2395 912 2453 etsi
941 2384 1114 2466 ἐξελαύνειν
1132 2386 1270 2459 ἅπαντα

148 2478 249 2541 ἓνεῖναι
270 2478 352 2536 inter
372 2498 404 2534 se
424 2476 530 2554 juncta
550 2475 776 2557 quodammodo
792 2499 862 2536 cum
884 2480 1016 2536 Gesnero
1034 2482 1167 2539 vertere
1190 2499 1269 2559 poe·

147 2563 207 2636 sis,
237 2562 325 2618 domo
346 2564 483 2637 exigere,
513 2560 595 2639 quod
623 2570 725 2618 tamen
754 2580 816 2621 non
843 2563 909 2621 sine
935 2561 968 2620 vi
994 2560 1125 2641 quadam
1147 2564 1270 2624 ficies:

146 2654 251 2705 tamen
273 2644 399 2703 minime
430 2647 551 2700 exactio
576 2643 631 2700 illa
659 2665 765 2703 rerum
792 2664 862 2704 cum
889 2645 946 2719 iis,
974 2665 1051 2724 quae
1070 2657 1268 2727 sequuntur,

67 2722 70 2729 Δ
148 2728 312 2806 congruit,
335 2746 405 2784 cum
426 2726 580 2804 splendito
601 2727 660 2787 isto
682 2729 786 2798 cultu,
806 2728 965 2807 magnilica
986 2748 1115 2806 pompa,
1137 2736 1271 2809 pretio-

80 2819 84 2833 ’
148 2834 183 2873 aa
209 2810 410 2890 supellectile.
446 2810 538 2907 ¹Ergo
567 2810 636 2890 plus
665 2833 755 2891 quum
784 2800 946 2873 temeraria
967 2812 1053 2873 soret
1073 2815 1270 2892 pertinacia,

147 2898 176 2979 si
203 2897 310 2955 locum
336 2893 502 2971 manifesto
527 2895 674 2967 mutilum
696 2904 728 2956 et
755 2907 937 2979 corruptum
965 2896 1082 2959 diutim
1105 2898 1270 2977 vellemus

147 2981 266 3059 optima
285 3000 390 3041 carere
409 2978 536 3039 medela.
557 2978 667 3044 Lsnsr.

233 3064 323 3129 Eas„
335 3064 358 3122 1.
381 3060 429 3127 14.
456 3057 504 3127 Tei
520 3057 651 3144 πιναρνῖ)
673 3063 855 3143 Legendum
868 3063 995 3125 videtur
1013 3061 1032 3127 ὅ
1047 3058 1087 3131 ια’
1101 3058 1212 3149 ῥάκια
1227 3066 1269 3137 aa?

144 3144 267 3232 πιναριλ
284 3144 508 3231 ἠμφιεσμένος,
537 3157 591 3207 aut
611 3144 712 3209 simile
735 3149 816 3228 quid.
839 3149 966 3209 Gerar.
1007 3150 1108 3210 Immo
1131 3152 1270 3215 iutelli-

146 3238 249 3312 gitur,
275 3245 310 3293 ut
336 3237 413 3293 bene
440 3240 547 3292 mouet
566 3233 691 3299 Gesner.
717 3222 874 3309 Exempla
895 3232 1007 3293 dedere
1035 3236 1121 3293 Jans.
1142 3238 1269 3319 aliique

146 3319 185 3376 ad
207 3320 305 3378 Mart.
327 3316 410 3378 Dial.
432 3316 475 3381 X.
497 3312 528 3397 ᾗ.
549 3317 577 3376 4.
599 3315 691 3378 Cous.
712 3312 1104 3381 iusr.BisAcc.c.14.o‘
1125 3312 1192 3398 τῆν
1207 3320 1270 3389 mi-

146 3427 249 3485 psyya.
269 3403 383 3461 Rm‘rz.
889 3470 892 3475 Ι

230 3487 313 3551 leid.
340 3479 385 3549 To*
401 3475 562 3568 opsidione)
581 3485 664 3560 Quis
685 3493 717 3544 et
737 3485 840 3565 paullo
861 3506 951 3564 supra
961 3507 973 3557 ;
996 3494 1028 3545 et
1047 3485 1123 3545 infr.
1149 3508 1182 3552 c.
1208 3507 1268 3571 ⁹9·

147 3579 179 3635 et
199 3571 272 3633 alibi
292 3568 351 3629 hoc
373 3579 502 3627 accentu
523 3568 557 3626 in
581 3569 652 3627 edd.
680 3571 822 3628 Lamiani
852 3581 1011 3633 exaratum
1031 3568 1185 3648 invenio,
1220 3576 1268 3647 ita

142 3654 298 3733 relinquo.
340 3654 448 3714 Malim
478 3663 581 3712 tamen
608 3654 755 3734 τρυβλίον
777 3674 853 3725 ,cum
883 3656 978 3733 Jung.
1015 3653 1053 3711 ad
1080 3656 1173 3721 Poll.
1205 3658 1268 3731 Ἦ,

146 3740 248 3815 Segm.
270 3739 320 3799 85.
362 3737 408 3799 Ut
423 3737 545 3818 βιβλίον
557 3736 676 3818 aliaque
693 3738 878 3801 diminutiva
896 3737 1056 3818 trisyllaba
1072 3736 1180 3800 solent
1195 3762 1268 3803 esse

144 3831 348 3927 mroxylona.
368 3821 484 3881 Reme.
927 3898 930 3904 Ι

232 3906 312 3969 Eud.
331 3904 352 3964 1,
378 3909 426 3968 15.
439 3901 611 3983 Ἀσμενοὼ
631 3906 719 3965 Pone
734 3925 853 3968 comma
865 3914 941 3984 post
952 3900 1097 3985 ἅσμενος.
1112 3904 1266 3979 Kosara.

146 3988 214 4068 Ego
233 3989 268 4049 in
287 3991 465 4073 περιλείχων
484 3985 620 4071 ἄσμενος
641 3990 785 4048 mendum
803 3990 901 4049 latere
929 3999 1015 4065 puto.
1036 3991 1158 4065 Socer.
1207 3992 1267 4053 Id·
1285 3990 1297 4034 ·'

151 4096 211 4159 que
233 4072 339 4140 eadem
362 4075 475 4154 injuria
482 4119 492 4152 ,
522 4096 582 4157 qua
608 4076 739 4134 Belinus
758 4095 816 4153 pro
838 4076 1034 4157 περιλείχων,
1060 4072 1145 4154 quod
1165 4079 1270 4157 pravi,
