2632 4702
180 284 257 361 tw
461 301 1012 351 snuorarsosss

180 477 251 537 loeo
276 470 515 551 philosophicos
542 473 715 529 seruentius
744 467 783 527 ad
802 469 966 547 imaginem
990 467 1211 548 perficiendam
1235 471 1299 541 iam

180 562 432 639 suppeditaverat
458 554 586 615 Theano
621 556 686 632 ipsa
722 553 926 632 philosoplis,
963 554 1169 632 prudentiam
1186 558 1193 565 “
1209 560 1298 613 ritae

176 644 329 723 publicae
358 640 506 717 Aspasia,
536 643 688 716 priuatae
713 638 869 696 Diutima:
901 658 982 697 nuno
1009 658 1073 696 non
1099 649 1168 713 est,
1208 639 1297 718 quod

181 725 318 785 oll'eudas
338 724 390 783 vel
412 724 446 781 in
467 743 527 793 eo,
555 721 637 801 quod
665 742 786 781 morunt
815 723 968 798 elegantia
993 721 1031 778 ad
1051 722 1219 799 imaginem
1239 721 1298 797 ιῆς

181 808 296 891 sapiae
322 808 378 870 rai
401 802 555 877 uarietate
582 805 741 873 retertur,
770 804 824 864 vel
849 826 885 864 ea
906 805 1099 883 potissimum
1117 828 1136 865 a
1154 805 1297 886 Sappho,

180 895 300 961 femina
319 890 536 950 delicatissima
552 897 587 948 et
605 889 844 968 elegantissima,
864 890 1031 968 repetitur.
1051 889 1165 949 Lsusr.

265 1002 348 1065 uad.
368 1003 391 1065 l.
415 1020 464 1064 rr.
490 994 626 1078 Τοιαύτη
647 1025 697 1065 σοι
717 1003 772 1066 καῖ
791 996 873 1080 anim]
884 1050 893 1077 ,
911 1003 1049 1074 Λυκῖνε,
1070 997 1296 1081 deuturus?

181 1084 287 1249 tiaris?
309 1088 361 1146 Sic
382 1086 570 1164 legendum,
589 1106 663 1159 nou,
684 1096 720 1145 ut
741 1089 774 1145 in
793 1087 946 1163 vulgatis,
965 1081 1055 1164 αὗῑῆ.
1099 1090 1191 1146 Talis
1214 1111 1294 1169 quo.

181 1186 193 1199 ·
206 1196 243 1233 ue
280 1171 377 1253 qualis
402 1190 514 1249 nempe
539 1168 680 1228 Diotima
705 1172 787 1239 suit,
808 1169 974 1250 prudentia
993 1182 1026 1230 et
1045 1172 1174 1247 consilio
1198 1194 1295 1251 prae-

181 1198 264 1334 diu)
285 1262 327 1319 Fr
340 1255 419 1315 hese
437 1256 544 1334 imago
561 1256 780 1332 suspendetur.
821 1255 873 1312 Sic
893 1256 977 1316 enim
996 1256 1102 1333 potius
1122 1250 1293 1337 airrirsspus

178 1339 368 1405 vertendum
379 1346 481 1418 puto,
501 1342 591 1417 quam
608 1357 666 1417 per
685 1340 797 1416 reponi
815 1359 888 1397 eum
906 1338 1089 1417 interprete.
1132 1340 1245 1401 Posset
1261 1350 1292 1400 et

179 1444 240 1507 per
258 1421 403 1483 dedicari
417 1421 517 1490 verti,
537 1438 600 1502 quo
619 1422 718 1481 verbo
737 1422 778 1481 de
799 1422 910 1481 statuis
931 1442 966 1480 ac
985 1423 1156 1482 simulacris
1175 1426 1292 1485 alicubi

178 1506 409 1577 constituendis
428 1514 563 1565 utuntur
582 1505 697 1568 Latini.
736 1507 905 1565 Suetonius
923 1507 960 1564 io·
977 1510 1054 1584 Aug.
1076 1526 1106 1569 e.
1123 1509 1178 1569 δι.
1216 1511 1291 1569 Sta-

180 1604 257 1653 tues
276 1594 416 1650 omnium
445 1587 635 1668 triumphali
661 1592 766 1669 effigie
795 1594 831 1649 irs
858 1602 989 1670 utraque
999 1593 1074 1670 sori
1093 1595 1147 1650 sui
1162 1596 1291 1671 parciori

178 1676 352 1737 dedicarit.
395 1674 447 1733 Sic
468 1673 614 1732 dedicere
639 1675 779 1732 Deorum
808 1676 980 1733 simulacra
998 1674 1079 1754 apud
1101 1674 1237 1736 eundem
1256 1677 1289 1736 iu

179 1756 290 1819 eodem
301 1801 311 1832 ‚
333 1778 361 1819 c.
380 1759 432 1835 57.
456 1766 487 1817 et
504 1759 549 1816 ita
568 1757 653 1820 alibi.
696 1756 754 1817 Uti
774 1748 876 1817 aulem
896 1757 955 1819 hir.
973 1752 1160 1823 οἷνακεῒοθαν
1180 1759 1222 1819 de
1242 1772 1289 1820 ta-

179 1842 372 1921 lrulapicta,
392 1844 438 1901 ita
458 1840 550 1901 etde
571 1840 678 1901 statuis
699 1842 815 1902 solebat
834 1841 867 1900 id
887 1842 976 1901 verbi
1003 1865 1021 1902 a
1040 1842 1169 1902 Graecis
1198 1847 1289 1904 sumi.

179 1926 283 1986 Docet
310 1926 492 1985 Athenaeus
525 1927 581 1989 lib.
604 1922 627 1983 l.
671 1924 867 2006 Dipnosoph.
893 1927 1050 2000 scribens,
1080 1921 1291 1993 Ἀνααεῒσθαο

179 2012 215 2077 dl
235 2007 337 2093 φαμὶν
356 2009 410 2071 tut
422 2003 621 2093 oirdpeairrsc.
640 2010 731 2074 ans.
772 2004 972 2074 ’munstero
992 2011 1075 2070 verti
1091 2021 1208 2090 potest,
1223 2036 1287 2093 po-

179 2108 293 2156 natur:
316 2093 376 2153 hoe
396 2096 478 2154 elsim
498 2096 629 2155 verbam
646 2102 693 2153 est
708 2096 882 2174 proprium.¹
903 2096 993 2153 osu.
1014 2095 1073 2175 Ep.
1095 2116 1122 2157 1·
1139 2094 1221 2158 Her.
1238 2098 1288 2157 ss.

176 2180 320 2239 Ponitur
340 2178 386 2237 orl
408 2183 531 2257 patrios
550 2178 690 2238 barbara
704 2181 829 2256 praedo
849 2181 955 2248 Deos,
984 2177 1016 2236 h.
1037 2202 1065 2244 e.
1085 2172 1289 2258 suspenditur

176 2260 302 2325 'daumii
330 2280 444 2328 caussa.
472 2266 546 2328 Lu.
570 2263 627 2323 IV.
651 2279 703 2325 20.
749 2265 900 2346 Diptetor
923 2285 1069 2322 eoronam
1087 2255 1229 2325 auream
1245 2267 1290 2323 li-

177 2346 269 2407 bram
285 2347 394 2425 peuda
415 2368 453 2406 etr
467 2347 559 2425 publ.
574 2334 721 2424 pecunie*
733 2347 851 2424 populi
864 2351 961 2419 jzusu
981 2350 1017 2405 iu
1032 2344 1288 2424 Uapitoliolori

177 2431 296 2489 donum
310 2433 431 2509 posuit.
454 2433 602 2489 Luctum.
631 2427 672 2488 de
694 2439 783 2488 mort.
803 2439 956 2509 persecut.
973 2442 1042 2509 cap.
1065 2433 1097 2495 5.
1145 2434 1289 2513 Dereptu

145 2548 150 2561 .
177 2518 225 2575 'stt
245 2516 277 2573 si
297 2517 396 2584 eutis,
419 2525 450 2572 et
470 2526 564 2572 exuto
586 2514 758 2571 uisceribus
774 2514 872 2590 pellis
877 2549 894 2581 ,-
918 2514 1039 2592 inficta
1058 2516 1152 2574 rubro
1178 2519 1288 2591 colam,

118 2666 124 2673 ,
176 2610 215 2658 ut
243 2598 417 2675 intemplo
444 2596 648 2654 tartarorum
676 2597 816 2653 Deorum
844 2598 890 2655 ud
915 2599 1095 2665 numeriam
1117 2601 1289 2660 clarissimi

178 2680 337 2760 triumphi
351 2691 521 2757 poneretur
538 2678 653 2742 Onrw.
850 2692 853 2697 ’

189 2846 193 2855 .
266 2790 348 2857 Eud.
369 2793 392 2856 l.
414 2784 686 2857 120’Arousiodu
708 2786 850 2870 visiteris)
878 2794 951 2854 Non
979 2794 1107 2857 dubium
1128 2796 1200 2873 est.
1213 2798 1289 2879 quin

103 2944 104 2949 ἵ
175 2874 243 2939 llos
261 2877 393 2943 uerbum
416 2874 455 2935 de
474 2877 627 2957 suspensis
643 2878 754 2937 tabulis
774 2900 809 2938 ae
830 2878 965 2939 donariis
984 2884 1026 2939 sit
1040 2881 1289 2955 usitatissimum:

177 2962 224 3023 ita
246 2959 280 3020 in
301 2960 363 3025 tab.
386 2961 484 3021 Cebet-
505 2982 553 3043 pr.
580 2956 721 3026 ἀνέκειτο
743 2960 774 3026 δὲ
796 2964 851 3029 eei
872 2967 965 3040 πίναξ
985 2964 1216 3048 resipueretis
1235 2964 1290 3033 τοῦ

177 3037 250 3110 esai.
292 3046 510 3125 Suspeudetur
527 3054 631 3106 tumen
652 3067 722 3106 cum
741 3049 846 3107 Jeusio
865 3058 988 3109 vertere
1008 3050 1122 3124 malim,
1141 3046 1289 3131 vespro-

173 3142 332 3213 pouutur,
353 3150 445 3209 quam
472 3143 651 3210 reponatur.
676 3131 746 3190 Etsi
774 3155 920 3212 reponere
940 3145 1025 3193 recte
1053 3134 1289 3197 dieiturunam

177 3214 339 3294 quaeritur
357 3213 467 3288 modo,
489 3213 562 3294 quid
581 3212 634 3274 hio
656 3214 699 3275 sit
720 3218 970 3288 convenientius,
991 3239 1053 3278 non
1076 3217 1153 3298 quid
1174 3216 1289 3281 Latine

149 3324 153 3331 ·
179 3298 284 3357 dicore
302 3296 407 3362 liceat.
451 3297 513 3357 Sed
534 3297 633 3374 video,
655 3300 824 3370 Gesnesum
840 3302 903 3381 jam
924 3301 1044 3367 dedisse
1053 3306 1288 3382 proposuerit,

176 3378 217 3447 ad
235 3389 372 3442 mentem
393 3383 535 3442 luciani
553 3382 702 3462 adposite.
722 3384 839 3447 Reme.
1107 3390 1115 3415 '
1256 3401 1262 3407 ·

260 3481 423 3559 Pegad.
445 3481 468 3543 1.
500 3500 528 3546 1.
555 3483 689 3561 Θεανοῖ)
709 3485 909 3545 Homericam
936 3484 1018 3546 hano
1045 3485 1192 3561 inducia
1215 3488 1288 3551 Lu-

176 3560 266 3625 cieno
288 3565 453 3634 existimo,
480 3566 553 3647 quia
579 3560 740 3629 Minervae
759 3569 900 3629 sacerdos
919 3570 1063 3649 precibus
1084 3573 1148 3631 suis
1167 3573 1206 3633 ab
1227 3571 1288 3635 Ilia

177 3649 314 3709 Graecos
337 3650 483 3709 avertisse
504 3650 569 3709 illio
592 3649 734 3728 dicitur3'
751 3662 787 3712 ut
806 3654 846 3716 L.
876 3656 961 3714 Vero
993 3656 1072 3716 bena
1093 3657 1290 3719 ominaretur

176 3732 324 3809 adversus
343 3730 473 3792 Parthos
494 3732 610 3792 bellum
630 3738 762 3813 gerenti.
783 3733 822 3798 V.
842 3739 938 3804 Hom.
960 3738 996 3798 ll.
1018 3738 1057 3811 E,
1083 3759 1133 3816 70.
1153 3741 1190 3815 Ζ,
1212 3743 1288 3820 298.

176 3812 309 3915 ,ιι-324.
329 3816 450 3877 Sosus.
470 3814 549 3875 Puto
558 3860 570 3890 ,
589 3820 717 3897 respicit
736 3818 775 3879 ed
793 3820 833 3901 Il.
852 3821 890 3897 Ε,
912 3840 963 3899 70.
984 3824 1038 3883 ubi
1059 3834 1204 3903 unquam
1226 3818 1288 3885 no.-

176 3921 304 3963 vercam
332 3898 459 3957 misitne
485 3919 649 3965 novercam
679 3904 790 3963 laudat.
841 3906 958 3966 Versus
984 3910 1072 3968 aursi
1098 3906 1136 3967 de
1161 3908 1290 3981 Pedeeo

175 3982 345 4049 Antenorit
365 3980 445 4041 filio:
473 3976 548 4063 [Ὃς
568 3987 609 4065 ῥα
629 3980 727 4060 νόθος
753 3986 811 4067 μὲν
840 3986 913 4067 ἔην,
937 3986 1026 4055 πύκα
1045 3984 1212 4070 δ’,ἕτρεφο
1231 3994 1286 4057 dia

132 4132 135 4137 ,
182 4061 292 4137 Ocurri
314 4056 401 4147 [ilos
422 4065 542 4147 φίλοισι
562 4066 698 4150 seuseu,
716 4074 902 4157 χαριζομένη
920 4068 1074 4157 uderipi]
1094 4075 1210 4162 :tectae
1224 4076 1285 4137 sl-
