2602 4702
124 175 254 258 *032*
449 178 996 237 annornrronns

168 365 246 433 tua-3
281 374 345 415 non
383 348 490 410 sinunt
518 356 659 409 veterum
689 369 801 412 mores.
822 349 942 420 Some.
971 345 1199 436 Ἐξημμένοοο)
1229 356 1279 419 Ne

169 441 283 503 Saloni
301 436 488 514 diligentiam
511 433 710 506 defraudem,
736 434 855 506 dicam,
886 437 986 515 ipsum
1013 439 1214 522 adscripsime
1230 443 1279 503 le·

124 508 129 522 ¹
171 524 304 607 gendum
322 516 508 600 ἐξημμένορ,
529 518 662 596 optime,
683 529 720 576 ut
741 539 816 579 mox
835 541 900 599 cup.
926 522 975 585 13.
1000 541 1048 598 pr.
1085 522 1136 582 ¹Et
1158 524 1279 607 Catapl.

171 632 201 675 c.
223 607 255 673 5.
279 629 369 680 τινα,
397 605 451 666 καὶ
479 595 583 681 πήραν
614 599 799 687 ἐξημμένον,
827 624 890 663 non
910 637 946 651 ·-
963 603 1066 684 plena·
1118 605 1167 667 ltu
1195 612 1280 671 onim

127 693 132 715 ¹
173 701 256 754 amat
277 688 415 750 construi
440 695 472 745 et
489 684 548 742 hoc
571 685 700 751 verbum
722 696 754 745 et
769 682 1005 767 uoroepcdopua,
1026 690 1156 751 solemni
1177 694 1281 773 ellipsi

132 846 135 854 Ι
172 796 278 859 praep.
300 767 395 847 κατοῖ,
420 770 472 830 vel
498 767 676 846 hypallage,
705 771 787 849 quod
816 771 949 830 indicavi
976 772 1015 831 ad
1044 777 1280 851 Amor.‚c.‚41.

173 862 226 929 Sic
248 857 334 918 Asin.
355 876 384 918 c.
404 856 457 915 48.
478 845 680 933 ἐπιβάλλομαι
701 850 869 935 στρώματα
889 853 1056 937 πορφυροῖ,
1081 869 1112 917 et
1132 871 1283 925 sexcenta

118 985 123 996 .
172 943 295 1005 similia.
339 941 444 1014 Quare
471 956 578 1016 perum
605 937 720 1014 abfuit,
750 941 825 1018 quin
844 940 875 998 in
894 941 996 1018 ipsum
1017 951 1136 1001 textum
1154 946 1288 1023 recipe·-¹

91 1020 97 1031 ’
174 1049 254 1092 rem.
273 1027 390 1086 Rrrrz.
432 1019 525 1097 Quod
552 1021 687 1079 Solanuc
713 1024 811 1100 probe
832 1022 985 1083 divinaret
1004 1025 1168 1101 legendum
1185 1028 1284 1109 ἐξημ-

174 1110 279 1192 μένος,
298 1107 333 1168 id
354 1107 414 1184 jam
431 1107 575 1163 Lucieno
594 1103 785 1165 reddidimus
804 1108 987 1169 auctoritate
1007 1109 1068 1173 Ms.
1083 1110 1162 1190 Reg.
1185 1111 1284 1178 5011.

175 1198 247 1259 Bre.
269 1192 319 1252 Ch
339 1190 431 1251 varr.
448 1188 551 1248 Lectt.
570 1185 678 1253 Lean.
888 1250 891 1255 ,
1124 1258 1128 1271 ,
1160 1192 1164 1201 ’

165 1331 170 1343 ,
259 1275 342 1335 End.
371 1274 392 1332 l.
421 1293 450 1352 9.
483 1263 529 1334 Ti
555 1272 678 1336 δεῖπνον
696 1267 771 1353 dore
802 1274 1024 1358 συνεκομῖζττο)
1046 1274 1185 1340 Verbum
1210 1279 1284 1352 hoc,

177 1361 217 1423 ad
236 1366 430 1420 mortuorum
452 1376 556 1416 curum
581 1365 612 1414 et
641 1360 829 1434 sepulturam
860 1361 1037 1437 pertinens,
1064 1364 1217 1425 concine
1239 1366 1285 1425 le·

176 1465 255 1526 pore
275 1444 315 1504 ad
336 1441 428 1500 finem
450 1460 586 1512 coenae,
615 1450 646 1499 et
668 1441 806 1502 ciborum
822 1443 1003 1504 oblationem
1024 1446 1180 1519 refertur,
1213 1469 1285 1511 cum

177 1529 308 1591 saturati
330 1523 400 1585 cibo
428 1524 575 1583 convivae
605 1523 643 1583 ad
670 1524 813 1584 laetiores
840 1526 1090 1597 invitatiunculas
1119 1538 1153 1600 et
1171 1534 1285 1611 pocula

177 1613 325 1672 uberiora
344 1617 514 1670 transeunt.
555 1609 648 1666 Hunc
669 1605 732 1670 cois
752 1608 941 1688 φνλοτηονῶν
959 1612 1060 1672 locum
1081 1614 1191 1689 scrisse,
1212 1636 1284 1676 cum

176 1695 334 1772 Hesychii
353 1691 519 1770 descriptio
540 1691 647 1760 docet,
667 1687 822 1769 nndnoole
838 1719 883 1767 τις
901 1689 979 1777 uesci
999 1690 1043 1760 ·το“
1064 1699 1185 1763 δεῖπνον
1205 1696 1284 1783 cirtio

178 1780 305 1861 oollae,
326 1787 395 1837 tum
417 1777 469 1834 ille
490 1776 625 1834 Socratis
644 1785 676 1835 et
695 1775 859 1839 Phocionis
881 1778 1114 1842 charientismos
1134 1782 1174 1843 dc
1195 1786 1285 1845 cicu-

177 1872 230 1924 tae
250 1861 379 1942 poculo,
397 1854 480 1938 apud
500 1861 671 1918 Aelianum
692 1861 731 1920 V.
751 1863 793 1920 H.
819 1861 846 1937 I,
871 1865 916 1924 16.
937 1874 969 1923 et
989 1865 1064 1938 Xll,
1082 1865 1137 1943 49.
1174 1868 1285 1949 Itaque

177 1947 309 2028 probavi
330 1945 420 2005 etiam
442 1943 622 2014 lectionem,
644 1958 734 2025 quem
754 1944 868 2008 habent
886 1948 960 2008 Aut.
980 1967 1011 2013 ο.
1031 1960 1062 2010 et
1082 1954 1175 2030 Hag.
1194 1962 1284 2013 utre-

63 2055 68 2063 ·
179 2051 241 2112 que
268 2027 514 2107 ἐκκομιζομένου.
543 2026 644 2089 Gesri.
688 2029 761 2089 Non
784 2034 933 2108 assecuti,
960 2034 1086 2114 opinor,
1115 2033 1196 2095 hauc
1225 2033 1281 2116 do·

56 2122 61 2131 '
135 2186 139 2193 g
178 2125 262 2176 otum
282 2123 315 2173 et
336 2113 505 2189 elegantem
528 2113 657 2173 Gesneri
676 2113 987 2194 interpretationem,
1009 2128 1173 2178 verterunt
1193 2120 1280 2179 Beli-

111 2222 114 2231 ·
180 2219 240 2258 nus
262 2206 295 2257 et
316 2197 537 2270 Wtelandioc,
565 2207 599 2259 rc
621 2197 647 2254 si
669 2197 701 2255 in
723 2208 855 2278 utroque
877 2202 948 2261 loco
969 2204 1098 2265 verbum
1119 2202 1284 2280 ἐςκομέζτνν

178 2281 343 2360 legeretur.
388 2279 535 2340 Ceterum
563 2277 646 2337 heud
673 2283 804 2340 obscura
832 2293 879 2341 est
908 2286 1037 2344 Gcrrteri
1061 2289 1237 2362 sententia,
1256 2295 1287 2346 et

179 2382 255 2426 nsua
275 2365 444 2429 verborum
474 2362 664 2444 συγκομίζειν
692 2375 724 2421 et
741 2366 908 2444 ἐκκομίζειν
926 2368 960 2426 iu
977 2387 1012 2426 rc
1033 2370 1157 2427 funebri
1176 2370 1289 2431 odino.

180 2448 257 2519 dum
277 2450 382 2509 tritus.
431 2447 528 2505 Modo
548 2447 586 2504 de
603 2448 710 2524 leporo
731 2449 792 2504 loci
815 2449 963 2527 quodam,
983 2471 1072 2526 quem
1091 2454 1189 2511 sensit
1212 2457 1291 2515 Gas-

179 2553 289 2600 ncruc,
318 2527 420 2591 adhuc
441 2530 538 2606 possit
561 2549 626 2585 esse
652 2532 871 2591 controversia.
913 2531 1030 2590 Verum
1056 2541 1185 2610 propter
1210 2536 1290 2597 hano

178 2614 276 2693 ipsam
295 2632 431 2672 caussam
451 2607 609 2670 retinenda
625 2611 729 2690 potius
750 2610 827 2673 mihi
845 2612 1007 2674 videbatur
1026 2616 1120 2675 lectio
1139 2616 1291 2699 vulgatii,

181 2718 272 2779 quam
294 2691 473 2757 deserenda.
491 2694 600 2755 Lause.
861 2749 865 2756 ,
1263 2690 1269 2699 “

264 2781 347 2840 End.
372 2780 395 2844 1.
418 2797 467 2843 ιο.
487 2773 527 2844 ‘O
541 2773 639 2851 πότος
654 2782 884 2861 συνεκροτεῖτο)
905 2780 1001 2847 Utin
1019 2782 1141 2862 Nigrin.
1161 2785 1292 2854 Bouno.

180 2863 357 2944 (Cogitavit
383 2882 494 2942 nempe
514 2864 733 2922 Bourdelotiuc
759 2867 855 2925 verba
883 2865 973 2944 Nigr.
1003 2888 1030 2932 c.
1053 2871 1106 2931 31.
1124 2861 1183 2931 τᾶν
1204 2869 1292 2935 οἶνον

181 2949 215 3013 ἐν
243 2949 305 3022 τοῖο
332 2955 516 3028 συμποσίοις
542 2939 622 3027 prad
646 2941 765 3027 κρότων
790 2971 825 3014 τε
855 2952 910 3018 καὶ
928 2945 1104 3031 ἀρωμάτων
1123 2950 1293 3037 Segesamu-

180 3034 237 3095 ubi
256 3035 317 3113 jam
338 3054 396 3112 pro
415 3023 494 3109 μετοῖ
514 3027 635 3109 κρότων
654 3033 773 3094 editum
793 3037 908 3094 rectius
928 3029 1008 3115 perri
1025 3032 1158 3116 κρόκων.
1203 3037 1293 3099 Con-

182 3116 266 3178 seres
285 3120 389 3196 potius
409 3115 504 3175 Diall.
526 3117 652 3175 Merett.
674 3116 715 3199 Y,
736 3135 766 3183 2.
787 3118 841 3177 ubi
857 3119 923 3197 ipse
941 3119 1054 3198 legitur
1075 3120 1212 3180 formula
1231 3142 1292 3205 no·

182 3210 245 3262 stra
271 3193 368 3264 πότον
397 3199 580 3281 συγκροτεῖν.
611 3200 731 3264 Lem..
770 3201 813 3262 At
840 3202 1006 3266 Scholiart.
1033 3197 1069 3268 cd
1089 3197 1184 3271 cosio
1206 3225 1293 3265 nen·-

182 3294 267 3344 trum
286 3287 379 3360 secit;
400 3285 481 3365 quod
496 3285 588 3342 etiam
601 3284 744 3343 usitatum
753 3325 764 3354 ,
784 3294 820 3345 ut
841 3306 934 3366 supro
952 3306 979 3352 1.
1000 3286 1075 3359 Ver,
1095 3288 1177 3347 Hist.
1192 3308 1221 3347 c.
1237 3288 1291 3351 23.

182 3363 286 3433 ποτόκ
300 3371 333 3433 δέ
356 3365 460 3440 αὐτοῖς
481 3367 564 3431 ἐστιν
584 3376 643 3432 etc.
663 3368 718 3428 ubi
736 3369 819 3429 idem
835 3388 877 3429 ex
899 3371 970 3435 Geli.
988 3373 1049 3436 tub.
1068 3391 1196 3451 quoque
1214 3368 1294 3452 'pro-

183 3453 267 3515 bavi.
311 3452 401 3513 Adde
425 3451 507 3510 infra
530 3453 608 3511 Icar.
628 3472 655 3510 c¹
680 3469 708 3527 7.
730 3452 755 3516 f.
797 3453 839 3512 Et
859 3456 1035 3520 Diod-Sic.
1054 3457 1094 3519 L.
1115 3456 1169 3515 Ill.
1190 3458 1295 3520 (1.35.

184 3555 217 3597 v.
240 3540 291 3616 89.
312 3538 365 3596 ubi
384 3534 478 3599 τοῦτο
500 3528 536 3597 td
557 3530 655 3600 ποτόν
680 3536 714 3594 in
735 3537 878 3596 variamt.
910 3558 1035 3618 quoque
1062 3538 1169 3598 eodem
1199 3539 1296 3623 epodo

184 3622 347 3701 probetur.
388 3615 427 3686 ‘0
448 3614 548 3691 πότος
566 3624 679 3678 autem·
697 3640 788 3682 masc.
818 3622 892 3680 sctis
918 3623 1043 3683 obvium
1064 3634 1096 3681 et
1116 3643 1133 3682 e
1150 3622 1297 3684 Lexico-

187 3703 310 3783 graphis
329 3707 389 3785 jam
413 3713 458 3762 sat
479 3705 585 3765 multis
605 3703 759 3763 firmatum
782 3725 823 3765 ex
842 3705 910 3765 eliis
930 3708 1073 3766 Lucioni
1092 3704 1188 3781 locis,
1208 3706 1298 3767 aliis·

187 3809 248 3868 que
274 3799 368 3851 nuctt.
397 3787 613 3846 Differentiam
650 3796 753 3847 autem
777 3809 836 3867 pro
868 3780 987 3850 retibne
1009 3801 1170 3864 accentus,
1199 3811 1297 3871 quam

188 3872 355 3932 Scholr'act.
378 3871 492 3947 tradit,
527 3874 712 3931 Ammonius
739 3892 861 3953 quoque
886 3872 989 3936 habet.
1036 3874 1098 3933 Sed
1123 3870 1299 3955 utrumque

189 3975 282 4018 masc.
301 3975 369 4033 gen.
389 3957 496 4027 effert,
515 3958 670 4017 scribens:
694 3949 802 4031 Πότος
822 3953 1015 4057 deprimor,
1034 3958 1089 4024 sul
1103 3950 1200 4031 corde
1220 3953 1298 4035 ὄξο-
