2602 4702
1066 214 1077 247 t

138 265 234 359 &w
367 346 370 351 ¹
432 264 998 367 unnorirsonss

158 449 267 533 pertis,
287 443 333 509 'As
359 452 453 511 enim.
502 446 607 511 Facile
633 467 735 526 nuno,
762 446 891 529 opinor,
917 441 996 529 quid
1025 440 1154 529 Jupiter
1182 435 1288 515 dicet,

161 530 321 595 sentietur.
342 531 453 596 Leuso.
982 562 986 569 -

188 684 192 695 ¹
218 686 224 697 ,
245 620 331 695 Pag.
350 613 423 677 244.
443 617 464 677 l.
488 636 514 678 ι.
534 608 810 689 Ἐπεξελεύσεσθαι
831 608 870 679 td
888 608 1022 695 σκέμμα)
1042 612 1106 673 Pro
1127 608 1184 673 his
1206 630 1289 674 ver-

161 700 263 765 bisin
288 698 319 761 P.
339 709 371 758 et
392 701 434 764 Ο.
463 695 685 777 incomminus
713 694 768 766 τόν
788 694 889 783 λόγον.
931 698 995 759 Sed
1016 696 1097 759 nihil
1117 704 1236 777 muts,
1257 710 1289 759 et

163 768 273 857 bdnier
293 783 405 849 Bacch.
426 804 453 847 c.
475 803 503 857 7.
527 785 648 843 somn.

138 928 139 937 ,
164 886 181 903 “·
239 864 332 932 'Ean
352 868 374 933 l.
393 870 424 930 3.
449 862 535 949 Hup’
555 861 690 951 αὐτοῦς)
704 871 743 931 In
765 868 843 931 Cod.
865 869 928 929 Ox.
950 864 1063 927 Inouno
1083 872 1131 925 est
1146 882 1215 947 pro
1237 862 1288 927 his

87 952 91 959 ’
165 953 281 1015 verbis.
303 953 422 1014 Sonus.
467 1000 472 1011 ,

165 1048 169 1061 ”
235 1035 334 1099 Ead-
354 1036 374 1094 l·
398 1054 448 1098 10.
467 1033 566 1116 Σφῶν
586 1033 706 1117 adenis)
726 1038 889 1097 Glossema
908 1033 1046 1097 videtur.
1068 1028 1207 1097 Gom·

166 1152 171 1161 ·
205 1158 208 1165 ·
244 1119 333 1182 dod.
350 1119 372 1181 l.
398 1138 446 1182 11·
468 1115 606 1203 Ἀτιμα)
627 1124 662 1185 Ρ.
685 1117 841 1202 ἀτίμητα,
870 1118 1288 1201 sednonpiuoct.801.rsr.

166 1200 381 1265 Nihilominus
402 1206 535 1282 praetuli
557 1208 598 1265 ob
621 1205 772 1266 Codicum
794 1224 988 1266 consensum.
1009 1204 1121 1264 Leuso.

165 1320 176 1347 ·,
226 1332 229 1341 .
253 1290 339 1367 Pag.
362 1289 433 1348 245.
454 1290 480 1348 1.·
494 1287 525 1354 5.
545 1283 602 1353 ’lis
624 1289 682 1355 τοῦ
699 1284 809 1368 νόμου)
828 1289 976 1349 Formnle
993 1287 1133 1366 sequitur
1147 1284 1186 1345 iu
1207 1306 1288 1347 con·

167 1368 308 1431 trionibus
327 1366 468 1432 adhiberi
480 1374 587 1452 solitu3
610 1396 701 1456 quum
716 1374 808 1434 habet
828 1374 944 1433 iterum
965 1371 1056 1431 initio
1071 1369 1168 1431 Cone.
1186 1371 1287 1432 Deor.

167 1454 289 1517 Sonus.
393 1473 399 1490 ·
771 1484 789 1499 -·

189 1558 193 1565 “
253 1538 335 1598 lbid·
355 1531 596 1620 'Avoocdpssos)
623 1542 675 1601 De
695 1540 805 1602 rostris
826 1548 880 1599 eut
896 1546 1039 1617 suggestu
1056 1534 1137 1596 nibil
1159 1534 1218 1599 hic
1232 1558 1286 1597 uu·

171 1616 236 1695 dis3
257 1623 348 1682 unde'
362 1626 517 1704 conjicere
539 1636 603 1700 est,
631 1646 696 1719 npn
724 1632 846 1703 semper
863 1644 899 1682 ea
918 1622 1071 1697 adhibita,
1090 1620 1146 1679 sed
1169 1630 1286 1683 etentes

164 1709 292 1771 -tnnmm
313 1707 476 1767 conciones
498 1708 649 1770 habuisse.
677 1710 758 1769 Vide
781 1717 813 1767 et
836 1704 929 1769 Cone.
945 1707 1049 1765 beor.
1064 1725 1090 1767 c.
1111 1724 1139 1765 1·
1162 1707 1285 1770 Soron.

258 1788 339 1853 Eud.
359 1790 378 1850 l.
401 1794 430 1849 8.
457 1797 586 1856 Tettius
607 1791 709 1872 θεῶν)
730 1792 793 1851 Alii
814 1791 874 1851 hoc
895 1793 985 1850 aliter
1001 1789 1200 1867 intelligunt.
1219 1790 1284 1869 Ego

171 1867 212 1929 de
231 1883 329 1933 aetate
349 1876 605 1953 intelligendum,
627 1899 664 1935 eo
685 1876 878 1954 potissimum
898 1875 1047 1935 inductus
1067 1892 1194 1949 censeo,
1215 1876 1285 1955 quir

171 1956 276 2052 paullo
298 1968 385 2038 post,
407 1981 433 2017 o.
448 1961 509 2041 ¹26.
551 1962 729 2041 'Apollinem
747 1960 857 2034 audio,
878 1960 1062 2018 sententiam
1084 1958 1156 2033 sibi,
1178 1964 1284 2039 utpote

165 2040 305 2119 juniori,
333 2061 396 2102 non
416 2045 512 2104 licere
529 2066 586 2125 pro
605 2047 754 2105 concione
776 2045 888 2104 dicere.
930 2043 1039 2122 quue
1059 2062 1163 2119 sensu¹
1175 2062 1284 2105 vocem

171 2125 284 2201 passim
315 2130 459 2205 usurpari
483 2139 603 2191 notum.
627 2129 698 2188 Vid.
724 2129 870 2211 Xenoph.
901 2126 1017 2205 Cyrop.
1046 2126 1135 2190 v111.
1156 2146 1195 2207 p.
1220 2125 1282 2190 135.

149 2206 227 2275 ,35.
246 2210 335 2269 Plut.
361 2207 625 2292 trition-''ipe'uoe
654 2234 713 2294 pro
740 2212 816 2293 toga
846 2213 937 2272 virili
965 2218 1093 2288 usurpat
1110 2210 1146 2269 in
1168 2209 1280 2271 Antoo.

172 2286 256 2352 Vide
281 2295 374 2354 etium
401 2298 554 2357 Nostrum
590 2299 685 2361 Conc.
713 2299 809 2356 Deor.
842 2317 869 2360 c.
900 2317 927 2358 1·
955 2303 988 2353 et
1016 2295 1064 2356 15.
1113 2292 1285 2361 Facessivit

171 2383 277 2436 tomen
298 2377 374 2437 hoec
397 2388 463 2440 von
480 2383 644 2459 'negotium
665 2383 742 2441 viris
763 2380 855 2440 etiam
878 2378 1078 2439 doctissimis:
1098 2377 1189 2438 inter
1209 2396 1283 2460 quos

100 2468 102 2472 “
173 2460 208 2521 S.
230 2463 357 2521 Potitus
378 2460 417 2522 do
438 2463 655 2526 emendatione
676 2487 769 2533 mox,
790 2475 827 2523 ut
848 2464 899 2537 fit,
920 2463 1087 2539 cogitavit,
1109 2482 1228 2543 nempe
1248 2469 1286 2521 ut

173 2560 254 2601 voce
279 2566 340 2605 una
367 2548 401 2606 in
432 2548 505 2607 duas
534 2551 686 2624 disjuncta
711 2570 768 2628 pro
796 2546 914 2610 τελεῖων
943 2547 998 2605 fiat
1027 2569 1060 2608 τε
1078 2538 1183 2609 tetbv.
1225 2542 1288 2605 sed

164 2626 291 2688 'frustra
311 2631 458 2689 sollicitat
481 2636 683 2710 scripturam:
715 2643 799 2691 recte
822 2635 906 2690 enim
926 2629 1028 2693 habet.
1073 2628 1198 2693 Trisson
1217 2628 1290 2693 deod

173 2712 320 2770 Lucieno
341 2714 365 2772 ii
393 2725 483 2790 snut,
510 2716 622 2795 quibus
646 2738 704 2796 per
721 2726 854 2775 aetatem
876 2716 1046 2774 sententiae
1066 2710 1223 2775 dicendae
1239 2714 1289 2794 jus

173 2791 286 2874 susque
311 2807 367 2859 est.
408 2799 505 2859 Ridet
537 2802 619 2860 enim
648 2798 794 2880 quosdam
827 2800 913 2858 Deos
940 2798 1027 2858 velut
1047 2796 1131 2856 inire
1150 2798 1289 2857 Senato-

174 2879 253 2938 rium
275 2890 417 2944 aetutem.
459 2885 502 2942 Et
528 2885 599 2964 quia
623 2906 688 2943 mos
717 2884 798 2964 opud
826 2883 1030 2942 Athenienses
1051 2862 1233 2957 obtinebat,
1254 2889 1291 2941 ut

174 2963 294 3023 nemini
322 2967 448 3046 triginta
474 2971 561 3027 annis
588 2970 703 3029 minori
731 2969 857 3048 publice
883 2968 994 3025 liceret
1024 2965 1148 3037 dicerer
1187 2966 1233 3025 ita
1258 2973 1290 3025 et

165 3044 259 3107 'inter
286 3049 371 3110 Deos
396 3054 519 3112 siientio
548 3072 601 3112 eos
633 3053 771 3112 damnari
796 3053 915 3126 voluit,
953 3051 1007 3130 qui
1034 3051 1101 3108 sive
1128 3049 1290 3111 imberbes

175 3128 294 3205 adhuc,
328 3156 384 3197 eeu
401 3138 459 3195 aliu
480 3137 520 3199 de
539 3158 636 3196 cause
655 3138 694 3196 od
716 3147 846 3199 aetutem
865 3135 991 3196 virilem
1011 3132 1152 3193 nondum
1173 3142 1290 3213 perve-

174 3215 260 3276 nisse
293 3220 356 3279 rite
390 3224 511 3281 censeri
547 3232 699 3300 poterant.
749 3220 928 3280 Sententiae
962 3228 1086 3277 nostroe
1114 3215 1289 3276 firmandus

176 3318 268 3362 carisa
289 3306 416 3364 unicum
437 3304 519 3364 huno
545 3307 675 3385 emplius
695 3305 901 3382 Clzeysostomi
918 3305 1018 3362 locum
1038 3300 1150 3359 eddom
1169 3300 1288 3359 HomiI.

175 3381 270 3446 XIX.
291 3387 329 3446 ad
344 3389 420 3467 Pop.
437 3388 584 3459 Antioch.
613 3412 641 3470 p.
660 3411 701 3455 m.
724 3389 791 3452 185.
811 3406 841 3453 2.
856 3393 887 3450 oi
903 3387 964 3449 υἱοὶ
981 3379 1187 3467 adscripseris·
1203 3378 1289 3458 dots,

176 3458 238 3534 oica
264 3472 297 3535 δὲ
319 3465 437 3545 cinisio
464 3467 594 3546 πολλοὺς
617 3471 680 3538 τῶν
707 3467 825 3538 δούλων
850 3471 1015 3536 δεδοίκασι.
1054 3471 1164 3529 Alium
1184 3476 1290 3533 tamen

175 3572 302 3614 sensum
313 3603 323 3631 ,
346 3578 437 3637 quern
459 3559 510 3618 vir
529 3558 753 3618 eruditissimus
776 3557 849 3617 huic
870 3557 943 3618 voci
963 3554 1091 3628 tribuit,
1113 3552 1191 3613 dum
1215 3552 1290 3611 eot-

163 3637 349 3699 ,limaolzum
367 3652 509 3712 enarrat,
533 3642 559 3701 si
580 3638 680 3716 lubet,
709 3642 793 3705 vido.
814 3641 938 3702 Sosin.
977 3639 1081 3698 Periti
1100 3636 1291 3711 levissimum

177 3722 386 3802 conjecturam
406 3725 467 3804 jam
489 3727 600 3787 merite
620 3728 767 3807 rejectum
789 3723 899 3786 videus
915 3723 951 3785 in
970 3723 1078 3783 Misce.
1101 3720 1198 3785 Obu.
1216 3718 1291 3783 vol.-

176 3804 218 3866 V.
239 3827 270 3886 p.
300 3810 367 3885 178.
386 3810 498 3874 Leuis.
606 3844 609 3849 ,
1138 3818 1142 3823 '
1203 3860 1210 3869 ,

262 3893 346 3954 End.
376 3892 398 3958 1.
429 3912 477 3959 11.
503 3888 587 3959 'Ab'
612 3889 700 3973 ἡμεῖς
722 3891 795 3974 μὲν)
821 3885 907 3957 'Att'
933 3885 1021 3971 ὑμεῖς
1049 3886 1113 3967 μέν.
1141 3882 1291 3953 Mutuom.

178 3963 260 4038 'Adi'
278 3968 364 4055 ὑμεῖς
383 3977 439 4057 μὲν
458 3970 585 4057 πάντες)
603 3979 697 4058 Apud
717 3982 890 4038 Homerum
923 3985 955 4034 et
974 3977 1008 4034 in
1030 3974 1071 4036 O.
1091 3964 1221 4046 πάντες.
1255 3968 1290 4031 lo

179 4060 322 4153 omnibus
347 4064 502 4142 impressis
532 4057 677 4137 ἅπαντες.
704 4065 824 4125 Soron.
850 4061 978 4119 Homer.
1008 4055 1049 4124 lt.
1076 4061 1125 4129 H,
1147 4076 1201 4139 99.
1241 4055 1291 4115 Ex
