2602 4702
156 249 238 322 &2
419 257 1004 309 annsrarronns

159 439 273 516 Neque
299 427 382 490 enim
412 426 453 482 iis
477 423 557 482 mala
577 443 642 481 asse
665 422 813 482 continuo
840 410 1025 483 censendum
1054 432 1121 498 est,
1155 421 1273 503 quibu,

161 541 254 600 opes,
284 514 464 582 facultates,
490 509 697 587 fortunaeque
722 528 812 586 quarn
842 509 1045 586 amplissimae
1065 528 1127 565 non
1147 510 1272 585 obtige-

158 608 240 668 rint:
265 588 335 659 cuni
361 593 584 672 utplurimum
605 591 758 666 invidiae,
785 592 933 671 malisque
953 592 1070 650 artibus
1091 592 1194 650 omisis
1217 612 1275 671 ge-

159 688 262 755 neris,
285 683 388 739 minus
410 683 551 755 pateant,
585 674 693 751 quiin
723 674 825 734 inedia
846 677 957 753 positi,
986 673 1084 750 nibil,
1112 676 1152 734 ob
1184 674 1274 756 quod

160 778 323 854 petantur,
352 762 479 821 habent.
523 758 669 815 Tutiores
698 758 818 836 itaque,
853 781 930 838 quae
951 759 1110 819 felicitatis
1130 779 1196 818 non
1220 761 1274 821 in-

160 857 235 917 fima
254 872 320 911 sors
343 857 402 919 est;
424 864 482 903 arec
503 842 683 923 alfortunae
703 844 774 900 telis
796 852 933 918 tantum,
954 841 1007 902 sed
1029 853 1098 901 eta
1121 844 1275 923 volupta-

162 951 231 999 tum
252 929 486 1007 ambitionisque
505 926 680 998 illecebris,
701 947 718 982 a
739 927 852 1004 quibus
874 948 963 1007 saepe
986 928 1067 1005 capti
1088 927 1276 1004 opulentio-

159 1044 231 1096 res,
265 1021 298 1081 iu
324 1015 456 1091 tragicos
484 1011 571 1082 fere,
601 1023 688 1067 certe
714 1009 907 1069 foedissimos
933 1014 1055 1087 exitus,
1087 1012 1275 1091 praecipites

163 1114 331 1169 ruunt...
352 1098 414 1155 Sed
441 1094 516 1173 quid
542 1113 597 1170 ego
626 1092 701 1151 baec
728 1114 811 1152 nunc
841 1116 1012 1174 exsequor,
1039 1097 1188 1153 Lucieno
1215 1096 1277 1175 ipsi

57 1190 62 1201 '
98 1242 107 1257 .
163 1192 257 1251 toties
278 1197 309 1243 et
329 1182 497 1239 :observata
520 1187 606 1236 recte
629 1186 665 1235 'et
690 1175 923 1238 demonstrata?
957 1180 1039 1254 Quia
1060 1189 1164 1239 tamen
1183 1179 1277 1239 aliter

161 1274 218 1336 hic
240 1261 422 1351 quibusdam
438 1262 552 1321 sentire
571 1262 675 1320 forsan
700 1262 878 1338 videbitur,
909 1272 941 1321 et
966 1283 1099 1342 quorum
1120 1263 1196 1321 alibi
1219 1285 1278 1325 va-

163 1360 295 1418 nitatem
317 1356 476 1427 arguerat,
508 1365 543 1402 ea
564 1365 646 1402 nurse
669 1347 750 1405 bona
777 1342 907 1421 ducere3
923 1349 1085 1407 rationem
1106 1349 1277 1425 providen-

165 1442 249 1512 ὼε,
274 1435 362 1496 bonis
390 1432 466 1489 haec
496 1425 659 1508 aliquando
686 1449 749 1487 non
780 1432 968 1504 tribuentis,
996 1432 1188 1510 ultraquam
1210 1435 1278 1512 ipse

167 1524 267 1594 vidit,
288 1515 515 1599 pervideamus.
555 1512 602 1571 Ut
622 1532 695 1589 ergo
717 1516 905 1592 puerisnon
926 1535 1047 1574 ornnem
1066 1514 1196 1575 ludendi
1219 1538 1279 1577 vs·

168 1608 268 1678 niam,
288 1604 341 1682 qui
359 1601 481 1677 sapiunt
502 1597 668 1675 faventque
686 1595 770 1655 hand
791 1600 896 1672 stulte,
919 1607 1061 1678 parentes
1082 1599 1261 1660 concedunt
1269 1622 1279 1676 ς

166 1690 226 1750 sed
244 1707 320 1745 eam
346 1684 465 1758 solum,
495 1701 573 1761 quae
600 1700 671 1738 cum
699 1680 880 1758 honestate,
909 1683 1109 1762 corporisque
1127 1692 1161 1741 et
1180 1686 1279 1745 animi

117 1766 120 1771 ¹
168 1772 292 1835 liberali
311 1768 453 1848 profectu
482 1766 644 1842 conjuncta
666 1776 731 1827 est:
756 1767 800 1825 ita
821 1777 852 1826 et
870 1768 976 1837 bonis,
1005 1788 1080 1846 quos
1102 1786 1178 1827 vere
1197 1788 1280 1849 pue-

169 1878 222 1921 ros
243 1855 354 1914 educat
385 1850 562 1929 erudisque,
594 1847 697 1906 Deum
725 1849 799 1929 Opt.
828 1852 916 1915 Maru
944 1873 1014 1911 cum
1033 1852 1187 1926 consulit,
1218 1872 1280 1913 non

172 1940 347 2021 gratissima
366 1954 502 2013 semper,
531 1932 584 1991 sed
606 1934 722 2011 optima
741 1944 773 1993 et
794 1934 833 1995 ad
850 1938 1000 1996 virtutem
1022 1936 1281 1997 accommodatis·

171 2027 270 2097 sima,
292 2021 364 2079 dare
387 2018 484 2077 decet.
527 2016 620 2077 Unde
637 2017 699 2094 jam
722 2019 795 2079 satis
814 2021 927 2100 liquet,
950 2025 982 2078 ei
996 2041 1059 2079 non
1072 2021 1185 2080 statim·
1198 2022 1279 2081 male

172 2129 256 2183 csse,
274 2105 326 2164 oui
346 2102 384 2162 ad
406 2103 582 2180 vuluptates
603 2096 717 2163 aliasve
737 2105 924 2184 cupiditates
939 2125 1001 2163 non
1019 2113 1189 2184 suppetunt
1213 2124 1277 2164 sm·

173 2192 326 2274 plissimae
345 2187 450 2266 copiae
469 2208 503 2245 ao
523 2187 693 2249 facultates
736 2191 799 2265 At,
826 2186 972 2270 inquiunt
990 2185 1131 2250 Damidis
1153 2188 1276 2259 similes,

173 2297 239 2339 nan
267 2268 379 2335 desunt
406 2279 527 2331 tantum
561 2270 648 2330 bonis
675 2273 770 2348 bona,
808 2271 864 2332 sed
893 2274 1005 2334 adsunt
1033 2274 1131 2348 mala,
1164 2274 1281 2355 inopia,

173 2368 368 2431 contemtus,
388 2356 531 2435 iujuriae,
553 2351 637 2415 mors
658 2356 723 2434 ipsa
744 2356 934 2438 quandoque,
955 2368 986 2418 et
1003 2358 1169 2418 cruciatus.
1212 2357 1284 2418 Ad-

174 2451 252 2505 sunt
272 2440 450 2519 aliquando,
471 2440 593 2514 fateor,
615 2461 692 2518 quae
712 2460 834 2499 narras:
865 2443 971 2501 sedan
993 2441 1070 2498 niala
1088 2443 1169 2516 sint,
1200 2442 1287 2519 vide,

177 2547 257 2608 quae
275 2525 403 2583 fortiter
423 2523 554 2582 ferendo
575 2523 631 2581 vix
648 2523 723 2599 ipsis
740 2524 802 2582 tuis
821 2525 1009 2602 sapientibus
1024 2523 1102 2580 mala
1116 2526 1184 2585 visa
1202 2534 1288 2603 sunt,

175 2609 292 2670 nedum
313 2607 402 2665 nobis
422 2604 620 2677 Christianis,
650 2607 760 2682 quibus
778 2604 891 2666 harum
912 2607 1049 2666 omnium
1069 2606 1149 2664 ratio
1169 2630 1214 2667 ex
1236 2630 1289 2671 re-

178 2692 332 2752 velatione
353 2688 488 2766 penitius
509 2696 666 2765 perspecta
687 2698 743 2749 est.
784 2690 880 2750 Hisce
900 2692 983 2751 enim
998 2690 1145 2748 virtutem
1160 2694 1289 2772 patien-

178 2778 318 2853 tiamque
346 2791 472 2829 suorum
499 2773 677 2848 ingenerat,
707 2772 828 2849 firmat,
854 2785 888 2836 et
916 2774 955 2835 ad
979 2795 1132 2835 summum
1161 2776 1290 2838 taudem

179 2856 325 2941 perducit
344 2854 488 2932 gradum3
508 2863 545 2913 ut
566 2875 635 2913 cum
658 2856 800 2927 fortiter,
819 2860 926 2920 luctati
948 2880 1019 2920 cum
1044 2858 1110 2933 his,
1139 2859 1290 2924 decerta-

180 2942 309 3014 verint,
330 2939 564 3000 immortalitate
584 2939 725 3014 tandem,
745 2963 804 3022 qua
826 2946 1001 3005 continetur
1021 2944 1153 3004 felicitas
1175 2948 1290 3023 omnis,

183 3020 288 3087 donet.
330 3023 405 3083 Non
434 3043 506 3102 ergo
534 3044 604 3083 cnm
632 3025 747 3085 Solone
773 3037 829 3088 tuo
856 3030 976 3089 exitum
1002 3027 1136 3089 hominis
1163 3048 1205 3089 ex
1230 3028 1290 3091 hac

181 3110 248 3170 vita
268 3107 368 3167 solum
390 3117 567 3186 exspectes,
592 3117 628 3167 ut
650 3109 689 3170 dc
710 3111 901 3172 beatitudine
922 3115 987 3194 ejus
1006 3114 1206 3193 pronunties3
1234 3115 1291 3174 sed

184 3189 260 3274 quid
280 3191 359 3251 hanc
377 3193 470 3250 vitam
493 3201 653 3273 sequatur,
675 3197 812 3273 respice,
838 3206 872 3261 et
891 3199 925 3257 in
943 3200 1077 3261 rationes
1093 3197 1197 3271 refer,
1216 3200 1291 3278 qui-

184 3297 306 3356 cunque
325 3275 364 3333 de
385 3275 581 3353 providentia
599 3277 791 3356 judicaturus
807 3282 940 3357 accedis;
961 3305 1000 3343 ne
1021 3283 1109 3347 stulti
1128 3289 1182 3348 aut
1198 3282 1291 3362 privi

182 3360 412 3422 ratiocinatoris
433 3362 553 3439 culpam
574 3363 700 3436 subeas,
728 3365 809 3426 levia
828 3368 1000 3427 et-miuuta
1019 3367 1175 3447 putantis,
1202 3362 1292 3427 suria-

187 3466 269 3506 mam
297 3445 345 3503 rei
371 3452 404 3502 et
434 3456 526 3523 caput
553 3447 733 3510 emittentis.
784 3449 878 3510 Malis
902 3462 1005 3511 autem
1031 3471 1103 3510 cum
1127 3452 1209 3511 bene
1230 3459 1291 3526 cst,

186 3528 317 3608 patescit
335 3528 397 3586 Dei
420 3549 490 3588 cum
511 3530 698 3609 benignitas,
720 3543 787 3593 tum
808 3535 975 3614 patientia,
1005 3556 1099 3616 quae,
1120 3545 1156 3595 ut
1174 3535 1293 3615 resipi-

116 3652 121 3665 .
187 3621 294 3686 scant,
331 3612 459 3686 invitat,
487 3613 560 3672 dum
588 3619 795 3691 poenitentiae
825 3619 910 3679 locus
940 3630 1005 3693 est,
1031 3621 1293 3701 imminentesque

189 3696 330 3776 quamvis
352 3695 449 3770 feras,
470 3708 567 3756 certas
585 3703 875 3775 tamen,·scelerum
894 3724 1008 3784 poenas
1036 3704 1190 3781 effugiant.
1234 3704 1293 3763 Ss-

182 3801 283 3851 ,necae
310 3781 414 3839 locum
442 3782 567 3842 unicum
596 3793 626 3842 et
646 3786 813 3845 Lactantia'
836 3789 968 3849 alterum
988 3786 1039 3846 bic
1066 3789 1170 3847 locum
1190 3785 1296 3847 addu-

185 3883 275 3938 -cam,
307 3864 361 3944 qni
386 3885 459 3925 sane
477 3867 511 3924 in
531 3887 597 3926 eam
618 3888 685 3926 rem
711 3870 774 3948 legi
792 3882 825 3932 et
846 3873 997 3952 perpendi
1020 3873 1101 3932 serio
1120 3881 1296 3935 merentur.

193 3946 257 4021 Qui
282 3969 349 4009 rem
377 3958 591 4027 pertractatam
618 3953 727 4013 videre
759 3957 882 4030 volent,
908 3955 1079 4016 Sherlockii
1106 3957 1158 4016 De
1176 3956 1295 4017 Provi-

186 4029 297 4101 dentia
314 4033 428 4095 librum
447 4024 557 4099 adeant
565 4084 577 4115 ,
604 4037 659 4121 qui
677 4038 811 4119 Anglico
828 4041 976 4105 idiomate
994 4042 1197 4125 conscriptas,
1213 4038 1296 4121 0⁸12
