2602 4702
135 214 252 287 'tw
449 182 1009 293 subornatores

177 402 265 463 locas
286 395 480 460 sanissimus..
516 390 562 462 Al
583 404 654 477 post
670 396 865 476 negationem
885 418 944 479 pro
963 394 1048 465 'tlte
1064 419 1146 466 ¹mox
1165 401 1289 477 iterum

176 488 208 549 ln
233 476 416 568 χρηστότητι
430 478 462 545 di
475 489 535 542 etc.
578 480 673 557 Quod
695 490 798 543 autem
818 481 857 542 sd
876 482 1061 545 sententiam
1082 487 1211 561 attinet,
1232 490 1289 551 in.

176 572 295 651 telliges
312 588 398 641 eam,
425 568 453 626 si
472 564 637 627 contuleris
657 565 708 625 De
728 566 845 627 Sacriff.
870 588 897 631 c.
919 585 949 627 2.
971 562 1075 645 οὐδὲν,
1104 566 1150 645 ὥς
1170 567 1288 649 ἕρκη)

77 659 80 663 ’
175 650 289 737 ,ἄμισθῖ
297 648 447 726 ποιοῦσιν,
469 643 514 712 ὦν
525 646 683 714 ποιοῦσιν·
699 643 778 715 itti
793 648 931 715 πωλοῦσι
944 654 1009 726 τοῖς
1020 647 1213 736 α’νθροῖποιι·
1225 652 1289 721 τοὶ-

176 733 275 822 ραθᾶ,
295 735 349 799 nai
365 732 467 799 ἔνεστι
480 733 640 815 πρίασθαι
655 728 728 812 παρ’
745 728 852 800 αὐτοῖν
866 728 906 800 τό
914 733 972 817 μὶν
987 732 1153 819 ὑγιαίνειν.
1173 742 1210 803 σι’
1229 735 1289 805 τό·

174 846 240 909 χοι,
259 817 380 903 βοΐδίου
399 827 458 879 etc.
498 818 555 877 Sic
568 818 675 898 itaque
694 816 727 881 h.
746 818 769 878 1.
790 819 913 897 Jupiter
934 820 1020 896 vult,
1046 818 1194 883 homines
1218 844 1291 889 non·

174 917 338 987 propterea
356 901 428 962 Diis
447 920 533 962 sacre
552 902 666 975 facere,
687 900 772 982 quod
792 903 854 961 illis
871 902 1041 983 indigeant,
1061 904 1117 965 sed
1137 906 1225 967 bona
1245 910 1286 971 ab

173 990 236 1051 illis
253 995 377 1067 accepta
394 986 618 1057 retribuentes,
640 994 671 1047 et
692 986 781 1066 quasi
799 996 935 1046 ementes
958 985 1090 1069 quodam
1110 993 1232 1069 pretio,
1256 1015 1284 1053 e.

171 1094 201 1157 g.
221 1076 332 1135 bonam
350 1068 558 1131 valetudinem
571 1069 685 1129 bacula
702 1070 740 1129 ab
758 1071 943 1151 Aesculapio
971 1081 1031 1133 etc.
1073 1071 1148 1133 Non
1178 1095 1284 1156 repu-

172 1166 244 1239 gnat
258 1153 384 1235 cynaei
400 1173 599 1234 responsum,
626 1152 691 1213 imo
710 1154 829 1233 optime
849 1174 920 1215 cum
940 1152 999 1215 hac
1017 1154 1109 1217 Iovis·
1123 1160 1283 1221 sententis

173 1240 323 1319 congruit.
366 1235 472 1314 Quare
502 1237 633 1297 Gesneri
658 1239 852 1299 rersionem:
887 1259 951 1296 non
982 1251 1050 1298 tam
1076 1241 1283 1321 indigentiae

173 1338 287 1387 caussa
310 1321 511 1394 sacrificant,
546 1324 824 1381 remunerationem
847 1323 1007 1402 quandam
1031 1324 1215 1402 facientes,
1237 1360 1281 1375 -

172 1440 216 1457 ·-
236 1428 332 1489 qaam
351 1406 496 1485 alioquin
515 1402 629 1463 honore
644 1408 905 1483 praestantiorem
934 1418 1085 1465 naturam
1108 1408 1280 1487 αβιόἱιιειε,ι

171 1492 234 1575 'qna
252 1489 394 1550 versione
413 1488 506 1548 etiam
536 1488 743 1549 Wielandias
770 1496 803 1548 et
826 1486 1042 1549 Schmisderus
1065 1490 1127 1555 sibi
1155 1492 1279 1574 imponi

89 1626 91 1631 ,
172 1576 255 1668 passi
272 1582 363 1650 sunt,
379 1571 551 1631 necessario
572 1570 792 1632 emendandam
812 1574 965 1652 putabam.
992 1572 1107 1637 Lame.

253 1660 342 1737 Pag.
360 1656 433 1719 208.
450 1655 470 1714 l.
493 1676 523 1719 1.
543 1650 757 1735 Χρηστότητι)
774 1649 898 1723 Ἱκανόν
920 1660 974 1723 ναὶ
986 1653 1094 1733 τοῦτο,
1115 1658 1151 1721 σι’
1166 1656 1226 1723 ael
1238 1650 1276 1721 ai

169 1736 234 1831 ms
246 1738 304 1805 ini·
312 1739 419 1821 μηδενὶ
430 1744 573 1842 ρρησῖμῳ
595 1739 758 1820 γίγνεσθαι
778 1735 838 1814 esic
859 1743 995 1817 declae,
1021 1734 1220 1825 χρηστότητι
1242 1739 1276 1807 di

169 1854 234 1911 τινι
253 1823 316 1891 τοῖν
335 1820 515 1906 ἄνθρωπον
535 1819 695 1903 τιμώντων
719 1817 758 1889 τό
780 1826 910 1904 βέλτιον.
958 1824 1031 1886 Ηοο
1051 1828 1133 1884 satis
1156 1836 1229 1903 ese,
1246 1829 1274 1885 at

168 1917 267 1973 etiam
279 1910 380 1979 dieis,
399 1909 521 1967 nullius
536 1910 690 1968 utilitatis
705 1930 818 1985 caussa
834 1911 1029 1984 sacrafieri:
1053 1930 1163 1969 verum·
1180 1910 1273 1970 honi-'-

166 2010 232 2058 tata
245 1992 384 2077 quadam
400 1992 578 2062 hominum,
599 1992 684 2072 qnod
699 1997 918 2071 praestantiae
937 2006 983 2053 est
1002 1995 1181 2053 colentium.
1201 2060 1206 2069 ,
1224 1994 1285 2063 δίο,

166 2087 254 2145 tecle
280 2078 453 2157 interpres,
478 2077 644 2138 colentium
668 2076 735 2135 scil.
760 2076 852 2138 Deos.
904 2075 994 2136 Nibil
1020 2076 1072 2135 bic
1097 2096 1272 2151 monerem,

166 2166 228 2227 nisi
248 2164 310 2224 Ma.
329 2162 452 2242 juberet
478 2181 531 2221 me
549 2179 614 2221 non
639 2162 826 2240 praeterire,
847 2160 930 2241 quod
948 2161 982 2220 in
999 2160 1055 2220 illo
1074 2160 1194 2239 legitur
1220 2156 1273 2227 ai-

166 2238 370 2333 ρνωμοσόνη,
395 2265 461 2324 pro¹
473 2237 670 2326 χρηστότητι·
696 2242 756 2305 hoc
772 2246 898 2304 minime
919 2245 1046 2321 damno,
1059 2245 1200 2315 alterum
1220 2256 1272 2307 ta-

163 2353 237 2394 men
259 2339 306 2390 est
326 2329 480 2388 efficacius
489 2368 500 2396 ,
521 2329 655 2387 declarat
673 2329 756 2388 enim
776 2348 956 2396 memorem,
976 2338 1098 2405 gratum
1119 2336 1154 2389 ct
1174 2330 1271 2391 bene·

165 2412 273 2477 nolum
290 2413 425 2472 animum
443 2420 571 2490 propter
590 2414 715 2490 accepta'
730 2411 887 2472 beneficia.
935 2411 987 2471 Sic
1004 2430 1073 2491 pag.
1097 2409 1169 2475 123.
1188 2413 1284 2475 idem·

165 2496 279 2558 Codex
296 2514 353 2575 pro
372 2493 426 2556 nai
442 2492 546 2571 τιμαῖς
557 2493 769 2574 γεραίροντες,
795 2495 903 2553 scribit
920 2492 1050 2568 θυσίαις
1064 2496 1272 2580 γεραίροντες.

164 2580 292 2641 Gaaav.
316 2569 544 2661 htiyrarpcoiap
566 2576 696 2634 Belinas
713 2584 799 2636 recte
819 2597 878 2657 pro
897 2578 1078 2657 glossemate
1097 2579 1197 2643 habet
1221 2583 1271 2655 le-¹

163 2662 278 2727 ationis
299 2661 452 2739 genuinae
477 2653 675 2742 χρηστότητι.
695 2658 805 2725 Lean.

244 2746 326 2811 aad.
348 2742 377 2806 l.
394 2745 426 2807 ὅ.
443 2738 530 2808 Καθ’
545 2738 608 2822 ὅτι)
634 2742 815 2823 Legendum
834 2738 911 2810 καθ’
927 2736 963 2824 ό,
994 2770 1027 2814 το
1045 2744 1271 2839 βελτὲοοσρῇς

162 2825 239 2906 νοός
255 2824 360 2904 θεοὺς·
374 2848 439 2888 non
453 2823 529 2892 καθ’
546 2823 616 2901 ότι,
638 2836 673 2889 ut
685 2829 787 2907 vulgo.
817 2831 906 2891 iras.

165 2916 171 2923 '
244 2914 326 2980 Ead.
346 2913 370 2979 1.
391 2931 440 2990 ¹7·
459 2905 624 2995 Ἀνασπηῗν
636 2907 693 2990 τη“ν
706 2907 778 2995 γῆν)
795 2916 892 2979 Hom.
910 2915 955 2977 11.
978 2918 1025 2984 Θ,
1047 2910 1098 2977 24.
1126 2916 1250 2981 Sonare.

178 2998 182 3005 '
245 3001 331 3079 Peg.
352 3014 424 3077 209.
445 2996 468 3063 l.
486 3000 514 3057 8.
536 2991 599 3061 Τόν
611 2990 767 3073 Ἀπόλλω)
788 2996 899 3077 Apollo
919 3000 1003 3058 inter
1017 3007 1180 3077 pastorum
1201 3022 1284 3065 nrt-¹

165 3080 249 3146 mitra
265 3091 462 3157 numeratur,
490 3102 561 3145 nam
590 3089 624 3141 et
649 3085 716 3161 ipse
743 3102 850 3161 greges
869 3078 998 3143 Admeti
1018 3080 1163 3144 Thessali
1184 3090 1266 3169 tegis

39 3199 43 3206 v
163 3168 283 3253 pavisse
304 3166 431 3228 dicitur.
476 3166 567 3246 Virg.
581 3197 625 3210 -
638 3178 670 3224 et
683 3180 712 3225 te
727 3168 921 3226 memorande
934 3187 1079 3226 canemus
1089 3170 1216 3231 Pastor
1230 3172 1267 3233 ah

161 3252 348 3333 Amphryso.
378 3250 483 3310 coes.
527 3250 606 3311 Cum
627 3250 654 3309 J.
676 3270 753 3310 mox
772 3271 800 3314 c.
824 3251 852 3310 6.
880 3248 963 3315 med.
991 3251 1067 3313 item
1094 3270 1125 3315 c.
1153 3273 1208 3315 ro.
1235 3256 1266 3315 in

121 3348 123 3352 ’
161 3334 231 3397 Jov.
252 3336 344 3414 Trag.
364 3343 397 3394 et
417 3336 506 3411 alibi,
532 3355 594 3394 una
618 3354 689 3394 cum
715 3343 790 3395 cett.
820 3333 931 3394 babeat
957 3328 1118 3413 Ἀπόλλω,
1144 3340 1264 3399 nullam

90 3450 93 3457 ·
161 3421 228 3501 ejus
247 3420 401 3479 rationem
422 3416 474 3478 hic
495 3418 665 3480 habendam
685 3426 781 3499 patet.
802 3418 1003 3496 Grammatici
1020 3419 1145 3497 quidem
1167 3424 1264 3503 ajunt,

159 3494 301 3568 ’Ἀπόλλω
318 3522 375 3585 pro
393 3495 573 3568 Ἀπόλλωνα
604 3524 669 3562 esso
682 3503 863 3582 podicem,
890 3525 947 3583 per
972 3503 1123 3563 Doricam
1146 3524 1265 3585 apoto*

158 3608 238 3669 pen3
263 3587 317 3648 sed
337 3588 451 3646 Atticis
471 3608 593 3669 quoque
612 3588 773 3662 familiare,
792 3587 1013 3666 Aristophani,
1031 3588 1179 3663 Platoni,
1198 3592 1264 3651 Xe-

159 3672 324 3750 nophonti.
365 3670 438 3738 Vid.
459 3693 506 3751 ap.
528 3672 689 3730 Maittair.
716 3671 756 3730 de
783 3671 918 3734 Dialect.
946 3692 979 3752 p.
1009 3688 1062 3733 22.
1086 3672 1125 3751 Β.
1156 3674 1264 3757 ibique

160 3753 310 3822 Ποσειδῶ
332 3756 421 3816 etiam
442 3749 647 3814 cx'Laeiano
668 3750 848 3818 adductum.
877 3756 992 3815 Rsrrrt.

242 3842 328 3917 Pag.
349 3857 419 3902 210.
440 3840 460 3898 l.
482 3840 511 3904 5.
531 3830 668 3921 Χρόνου)
685 3840 757 3899 Non
776 3840 953 3919 improbum
972 3846 1021 3899 est
1035 3839 1116 3901 illud
1134 3838 1263 3927 χρόνον,

160 3922 220 3983 etsi
241 3922 279 3982 ab
302 3922 405 3984 Oxon.
426 3922 502 3987 cod.
525 3924 612 3981 abest
619 3944 628 3999 3
655 3922 709 3984 sed
735 3923 850 3984 Nostro
877 3924 1038 3984 familiare.
1077 3926 1153 3987 vid.
1182 3930 1263 3991 Τίσι.

160 4026 189 4069 c.
208 4007 239 4068 ὅ.
258 4014 291 4069 et
310 4009 362 4072 23.
403 4007 446 4069 Et
471 4010 590 4072 Hemst.
619 4016 684 4075 not.
712 4007 750 4068 ad
767 4008 869 4069 locum
889 4006 1043 4088 priorem,
1071 4009 1127 4069 ubi
1159 4012 1195 4073 id
1224 4030 1263 4077 ex
