2632 4702
170 306 249 386 sel
446 326 1016 381 ennoeanronue

203 566 206 571 Ι
262 501 347 575 Peg.
369 492 443 556 260.
462 492 485 558 l.
507 513 537 556 ι.
557 488 709 569 Κὲκλυτι)
725 487 790 549 Adi
815 486 982 569 Aristoph.
1001 485 1092 555 Ἱππ.
1111 494 1194 573 298.
1216 494 1255 553 B.
1273 504 1294 553 el

177 580 253 649 548.
272 577 357 641 unde
376 578 437 638 hoe
457 574 597 636 imitatus
617 584 665 635 est
686 578 861 639 Lucienus.
879 574 1002 641 Sonant.¹
1031 572 1294 657 AddeArr'stopl.

175 667 299 749 Equitt.
317 686 349 728 v.
374 682 442 743 197·
468 661 580 724 Lerne.
637 694 643 705 ·
1036 708 1040 713 .

261 742 347 807 End.
363 747 386 809 l.
406 749 438 808 le.
455 737 608 808 Μόθοισι
621 733 845 826 κορυσσόμενοι
860 738 1031 819 πυκινοῖσι)
1046 740 1238 805 Subtiliter
1252 768 1295 806 or·
1314 729 1316 800 i

179 838 260 897 mati
275 832 480 891 sermonibus.
509 828 640 885 Gener.
1270 884 1274 895 ,
1315 877 1316 888 ,

264 917 346 979 End.
366 916 388 972 1.
412 916 441 973 5.
467 905 578 976 notit
597 904 660 992 μὰρ
678 906 762 973 ἔνθα
783 904 904 989 μόθου)
927 902 1036 975 nont
1058 904 1125 993 μοὶρ
1146 908 1237 977 ἔνθα
1255 912 1316 977 κο)

176 1004 259 1067 ἔθα
301 996 394 1063 idon.
425 997 569 1059 Menon..
613 992 708 1070 Quod
729 992 861 1057 Mareil.
879 994 1081 1053 inserendum
1102 1008 1244 1075 monet,
1270 996 1316 1057 rd'

177 1092 203 1159 ἱ,
228 1087 260 1145 Ἐ
285 1085 316 1145 d.
334 1084 396 1162 jam
414 1080 541 1154 inveni,
560 1086 593 1138 et
613 1080 749 1136 Homero
768 1076 1044 1139 familiarissimum
1065 1089 1121 1141 est
1141 1076 1233 1147 ἔνθα
1252 1082 1296 1147 ml

176 1169 279 1243 ἤθη,
300 1175 338 1225 ut
358 1166 398 1225 II.
419 1164 464 1237 B,
485 1161 559 1226 462.
584 1161 636 1231 E,
658 1163 729 1221 223.
758 1160 809 1235 H,
833 1162 902 1222 156.
923 1172 981 1222 ete.
1009 1162 1132 1227 Κεῖαι.
1168 1220 1174 1229 ,

264 1250 345 1309 End.
364 1250 388 1311 l.
406 1248 435 1309 s.
461 1242 605 1330 Teppehe
626 1240 710 1326 depo
732 1239 889 1328 κορύμβοι)
916 1244 1081 1307 Ridiculus
1098 1250 1165 1325 sit,
1186 1248 1217 1311 si
1239 1252 1297 1331 quie

178 1362 212 1400 se
234 1336 325 1417 plane
345 1333 546 1411 interpretari
570 1351 661 1408 posse
683 1329 785 1399 dicat,
815 1350 894 1409 quao
921 1331 1046 1391 Memno
1064 1332 1141 1412 ipse
1163 1334 1297 1397 obscuri·

179 1424 250 1485 tatis
271 1416 398 1477 nornine
419 1416 514 1475 effuse
534 1414 625 1476 ridet.
665 1409 725 1474 Illa
753 1410 923 1477 obscuritas
951 1416 989 1475 nb
1016 1412 1078 1495 hoo
1098 1436 1205 1479 versu
1224 1418 1298 1489 inei-

56 1530 61 1540 ·
178 1508 236 1589 pit,
286 1502 414 1579 Singula
441 1502 535 1559 verba
557 1497 677 1585 verbis,
692 1498 719 1556 si
744 1496 877 1557 reddere
904 1498 1055 1577 velimus,
1095 1494 1238 1585 ταρφῆς
1263 1514 1298 1565 en

180 1591 310 1660 densus,
332 1594 369 1643 ut
393 1582 471 1643 silve
480 1628 492 1658 ,
513 1591 550 1642 ut
568 1577 857 1663 fruges,1no'pvpfle
877 1582 940 1641 diei
956 1592 1089 1663 possunt
1106 1606 1258 1665 summe,
1275 1612 1297 1669 q.

181 1670 414 1751 desponsio,
440 1667 681 1745 uniuscnjusque
709 1668 777 1741 rei,
808 1675 846 1725 ut
870 1667 1012 1746 corymbi
1040 1668 1249 1751 plantarum,
1271 1682 1298 1733 nt

181 1757 331 1835 aplustria
349 1753 493 1828 navinm;
528 1748 651 1832 ἐχέτλην
681 1751 791 1810 stivam
819 1770 885 1810 esse
903 1752 1014 1823 aratri,
1040 1748 1191 1832 consta&
1232 1756 1298 1839 poni

179 1859 403 1919 nonnunquam
421 1839 513 1895 etiam
532 1856 590 1914 pro
619 1834 725 1907 sulco,
752 1836 1073 1914 monetHesyelrius.
1118 1836 1230 1919 Igitur
1255 1839 1298 1903 rei

181 1924 234 1985 hic
255 1942 361 1983 sensus
380 1942 445 1979 esse
467 1929 587 1999 potest,
617 1920 655 1978 ab
675 1916 735 1976 hoe
752 1920 890 1979 tumultu
907 1920 1140 2001 disputantium
1162 1922 1297 2005 philoso-

147 2044 152 2051 ·
179 2008 316 2090 phorum
337 2006 434 2084 epicos
462 2005 497 2063 in
523 2002 626 2061 densis
655 2002 749 2061 sulcis
770 2004 905 2063 moveri:
925 2038 928 2045 ,
947 2005 1015 2083 vel,
1041 2007 1211 2085 qnoniam
1228 2008 1295 2069 nihil

180 2095 255 2154 ulios
273 2092 414 2151 occurrit
435 2088 470 2147 in
491 2088 633 2161 macule,
654 2085 737 2166 quod
758 2086 797 2145 od
817 2086 1007 2147 irridendam
1024 2088 1202 2163 Deorum,
1221 2092 1293 2155 Iovis

179 2177 339 2255 inprimis,
361 2174 548 2233 araxietatem
570 2182 601 2230 et
618 2168 847 2232 solicitudinem
875 2172 1043 2253 pertineat,
1066 2176 1218 2257 ταρφέος
1239 2172 1291 2260 ἐχί-

180 2269 254 2337 tine
274 2256 358 2339 σ’ἷκρα
376 2254 520 2339 κόρυμβα
545 2266 593 2315 est
620 2254 768 2330 absurda,
797 2265 830 2315 et
857 2257 966 2317 similis
994 2260 1132 2319 oraculis
1156 2258 1229 2323 eliis
1248 2260 1290 2321 de·

180 2347 310 2424 scriptio
329 2344 415 2415 caeli,
435 2343 650 2420 Deorumque.
693 2338 775 2399 Nam
793 2336 925 2425 ἐχέτλην,
945 2342 971 2401 si
991 2343 1073 2403 sorio
1088 2346 1211 2425 nugari
1229 2366 1293 2427 por·

181 2430 379 2505 replesset,
401 2426 516 2484 dixisse
536 2433 646 2503 potest,
668 2444 725 2503 per
743 2426 927 2504 metalepsin
947 2447 1004 2505 pro
1026 2420 1138 2513 οἷμοῖξῃ
1162 2452 1192 2493 e.
1214 2432 1294 2511 pleu-

122 2566 125 2573 .
180 2523 246 2572 stro
275 2513 330 2570 illo
350 2510 495 2579 caelesti,
526 2509 606 2585 (vid.
636 2507 723 2567 Iliad.
752 2513 798 2581 Σ,
824 2504 915 2585 488.)
942 2508 1026 2589 quod
1050 2512 1129 2591 polo
1161 2516 1295 2575 vicinum

180 2606 249 2669 est;
274 2592 381 2673 polum
401 2613 459 2670 pro
478 2594 579 2662 eaelo,
602 2594 652 2649 cui
672 2588 755 2671 ἄκρα
779 2585 921 2676 κόρυμβα
942 2596 1084 2657 tribuere
1103 2614 1177 2659 non
1196 2600 1296 2679 inepte

181 2680 303 2759 potuit3
322 2677 441 2734 caelum
463 2696 520 2755 pro
541 2676 611 2734 Diis
632 2676 720 2755 ipsis.
761 2677 832 2736 Hoe
849 2700 921 2740 cum
939 2674 1104 2739 videretur
1122 2682 1295 2744 sententiae

113 2754 126 2771 '
180 2764 276 2840 magis
296 2760 577 2835 accommodatum,
600 2761 688 2839 sequi
706 2761 741 2819 in
761 2760 1018 2843 interpretatione
1039 2764 1173 2843 plue'uit.
1216 2768 1294 2827 Pirr-

178 2868 217 2909 κο
236 2841 328 2927 α’κρῖς
355 2855 458 2924 potest
478 2843 618 2905 alludere
646 2842 684 2903 ad
714 2848 950 2931 τιττιγοφορῖακ
973 2844 1238 2927 Atheniensium,
1263 2848 1294 2925 si,

180 2942 219 2993 ut
237 2932 378 3003 videtur,
401 2930 556 2989 Timoeles
574 2927 773 2988 Atheniensis
794 2932 873 3007 1'uit3
903 2932 1011 2990 Darnis
1039 2940 1144 2991 autem
1170 2956 1293 3017 eompr-

180 3017 246 3078 rari
274 3014 404 3075 vulturi.
445 3011 507 3072 Sed
537 3011 615 3071 ohel
655 3014 729 3071 satis
761 3026 824 3083 est,
859 3035 900 3074 ne
928 3013 1099 3075 ludibrium
1127 3012 1293 3081 debeamus

177 3102 297 3163 Momo.
342 3100 499 3174 Quorsum
518 3099 693 3177 pertineant
713 3091 853 3180 ὀξυβόαι,
875 3092 1027 3179 κλωγμός,
1043 3098 1203 3182 κορῶναι)
1220 3100 1293 3178 ὅκοι,

179 3181 324 3267 ἡμίονοι,
347 3193 378 3240 et
397 3184 493 3257 rerba
513 3200 612 3261 prope
634 3183 755 3253 omnia,
778 3204 889 3263 nempe
908 3186 947 3243 ad
967 3184 1116 3264 injuriam
1139 3198 1176 3249 et
1194 3188 1293 3249 irriti-

181 3290 273 3329 onem
294 3264 568 3347 philosophorum,
594 3286 659 3326 non
678 3278 725 3328 est
746 3268 928 3344 obscurum,
957 3268 984 3327 si
1004 3269 1073 3351 quis
1093 3272 1177 3335 velit
1195 3280 1290 3335 utten-

178 3352 275 3417 dere.
296 3352 400 3412 Gesn.
1264 3374 1270 3381 -

264 3436 345 3493 End.
376 3435 399 3499 l.
432 3453 462 3511 7.
489 3425 575 3498 'Art’
597 3426 675 3499 όιακ
703 3430 778 3517 αι’γ.)
819 3437 950 3500 Homer.
984 3434 1104 3517 Odyss.
1133 3438 1195 3519 X,
1220 3440 1286 3505 ὅου.

178 3520 297 3579 Sourn.
1105 3570 1109 3577 .
1229 3540 1236 3553 “

263 3600 343 3661 leid.
365 3595 541 3682 Αἶνυπιᾶς)
561 3602 622 3664 Ms.
641 3602 704 3661 Ox·
726 3595 909 3685 Αἰγύπτιος.
932 3614 1094 3687 corrupte.
1132 3608 1217 3677 Vid.
1232 3604 1287 3672 0d.

177 3686 230 3759 X,
250 3689 323 3748 302.
341 3696 372 3744 et
393 3687 439 3760 ll,
462 3692 515 3762 Π,
537 3687 609 3745 428.
639 3688 761 3749 Sonare.

258 3772 346 3912 pan.
372 3769 394 3833 1.
426 3770 474 3832 ιο.
505 3766 611 3852 Apu)
640 3770 691 3828 ux
717 3773 778 3836 ns.
804 3758 882 3855 neg.
909 3776 1006 3856 2955.
1033 3794 1094 3857 pro
1122 3776 1213 3859 vulg.
1240 3770 1288 3841 tl-

174 3878 234 3937 yos.
288 3874 329 3917 11².

259 3941 344 4000 End.
364 3938 387 4000 l.
413 3956 459 4015 17.
485 3935 743 4018 Θεμιστοκλέους)
773 3940 927 4018 Consule,
955 3945 983 4003 si
1011 3962 1078 4003 non
1108 3942 1287 4013 meministi,

176 4022 269 4085 Corn.
282 4025 436 4100 Nepotem
449 4022 483 4082 in
499 4023 720 4089 Themistocle.
751 4022 779 4083 Is
798 4028 881 4089 enim
903 4026 1021 4088 oraculi
1040 4037 1181 4091 mentem
1201 4050 1288 4093 enar·

172 4107 270 4187 ravit,
296 4126 359 4188 quo
380 4126 444 4167 sese
472 4110 571 4169 muris
591 4108 710 4191 ligneis
729 4114 831 4173 tutori
853 4111 1059 4201 Athenienses
1087 4112 1288 4195 jubebuntur·
